2742 4592
286 457 529 526 e.1m.
551 461 601 541 §.
621 455 677 530 1.
698 455 934 546 Script.
960 457 1045 526 de
1060 456 1492 564 Princ3Aust.
1531 455 1689 548 piet.
1720 469 1786 528 et
1817 459 1971 528 virt.
2055 479 2180 548 293

222 743 229 756 ,
478 647 1281 740 WENCESLAVS
1391 651 2180 758 ADALBERTVS

274 768 1005 860 ,CZERWENKA
1042 774 1329 856 annales
1366 790 1440 856 et
1496 777 1662 856 αέὶα
1693 782 1982 876 pietatis
2037 773 2188 856 Do·

274 918 418 974 mus
470 891 899 998 Habsburgo
917 937 945 951 —
973 889 1401 996 Austriacae
1448 887 1602 1004 [ex
1639 889 1978 979 diversis
2049 919 2188 978 au·
2317 957 2327 964 -

274 1008 684 1124 storibtss,
748 1011 1498 1125 monumentisque
1577 1013 1943 1125 antiquis
2012 1012 2178 1098 col·

276 1129 524 1244 legit,
588 1155 672 1216 et
731 1156 1035 1215 eorum
1093 1157 1421 1246 partem
1483 1135 1902 1246 primam,
1963 1135 2055 1218 in
2091 1133 2182 1216 li·

270 1248 469 1336 bros
508 1273 672 1336 tres
738 1249 1305 1357 distributam,
1370 1276 1623 1364 atque
1683 1251 1790 1338 ad
1850 1277 2170 1338 annum

268 1383 523 1506 ‚¹358
569 1367 1141 1484 perdufikam,]
1208 1371 1474 1460 edidit
1533 1372 1850 1486 Pragae
1924 1375 2172 1483 1691.
2346 1399 2357 1407 ·

262 1515 351 1572 1n
405 1481 551 1574 fol.
614 1490 709 1574 In
768 1488 897 1574 his
944 1515 1177 1578 ortus
1231 1517 1313 1577 et
1371 1489 1852 1606 progressus
1911 1491 2182 1576 Habs·

261 1605 669 1722 burgicae
742 1609 1019 1722 gentis
1060 1676 1089 1716 ,
1180 1609 1641 1725 Imperialis
1742 1611 2105 1724 dignitas
2135 1675 2209 1731 „

263 1725 591 1841 Reges,
652 1729 933 1815 Duces
988 1755 1071 1816 et
1103 1731 1639 1818 Archiduces
1691 1732 1848 1818 &o
1910 1731 2104 1844 orig
2123 1731 2184 1814 i·

257 1873 407 1932 nes
436 1846 969 1934 ecclefiarum
992 1895 1077 1908 —-
1100 1850 1725 1936 coenobiorum
1747 1848 2168 1961 —aliaque
2217 1887 2248 1930 ι,
2354 1873 2370 1884 ‘

254 1963 361 2052 ad
436 1969 833 2080 pietatem
896 1971 1074 2053 eius
1101 1970 1128 1980 ’”
1157 1967 1604 2083 spestantia
1683 1995 2172 2082 proponun-

250 2110 409 2170 tur.
532 2081 1063 2198 [Subiicitur
1134 2090 1225 2173 in
1278 2087 1446 2173 fine
1504 2086 1790 2202 synopsis
1854 2087 1996 2174 seu
2043 2114 2166 2174 ar-

248 2231 655 2318 gumenta
704 2209 1355 2295 continuationis
1411 2205 1517 2294 ad
1560 2234 1876 2294 annum
1919 2211 2170 2319 1691.
2269 2207 2276 2215 '

248 2351 411 2411 nec
474 2354 651 2412 non
704 2325 1171 2442 sepulturae
1224 2327 1730 2414 exuviarum
1775 2328 2173 2414 omniurn

249 2441 363 2530 de
418 2439 737 2533 familia
812 2445 1245 2538 Austriaca
1293 2447 1838 2562 Principum,
1889 2467 2168 2561 'quot-

244 2589 465 2676 quot
522 2563 844 2653 aua-ori
931 2561 1578 2680 innotuerunt]
1769 2614 1776 2622 ·

434 2684 932 2773 GVILIEL.
1016 2687 1974 2774 STANJHVRSTIVS
2075 2689 2168 2772 in

242 2805 433 2889 Albo
504 2807 901 2910 Mariano,
976 2806 1215 2918 quod
1286 2809 1538 2892 tacito
1611 2808 1963 2892 nomine
2018 2800 2168 2908 suo

238 2923 618 3013 Lovanii
682 2929 938 3036 1641.
1001 2927 1088 3011 in
1130 2920 1273 3012 fol.
1340 2925 1826 3038 evulgavit,
1890 2921 2172 3010 infini-

230 3069 319 3132 ta
383 3045 548 3131 Dei
603 3046 695 3131 in
770 3043 1254 3144 Austriacos
1289 3043 1764 3148 beneficia,
1829 3067 1912 3133 et
1985 3045 2168 3138 Au·

227 3165 738 3255 striacorum
806 3193 1011 3280 erga
1054 3167 1337 3254 Deum
1397 3162 1804 3277 obsequia
1869 3188 2155 3249 recen·

227 3283 382 3372 set.
1261 3326 1269 3336 ·
1383 3331 1394 3344 ,
1967 3334 2028 3366 ·.

408 3405 600 3490 Nec
663 3403 1325 3520 praetereundus
1401 3399 1732 3490 libellus
1763 3467 1791 3507 ,
1887 3400 2152 3494 Vienr
2241 3451 2264 3470 ·

220 3553 396 3612 nae
457 3551 700 3636 1720.
752 3528 843 3612 in
899 3548 1176 3618 mmo,
1238 3522 1652 3648 procusus
1726 3520 1885 3609 hac
1956 3547 2156 3606 cum

214 3643 740 3760 epigraphe:
808 3645 1249 3760 oesterreich
1284 3643 1458 3727 iiber
1529 3647 1698 3726 alles
1742 3651 1815 3725 in
1885 3641 2158 3726 Anbet-

210 3763 703 3873 tuttg5-Eifer
764 3794 983 3877 gegen
1038 3765 1189 3850 dem
1230 3767 1490 3848 bochw.
1569 3767 1844 3848 Altam·
1901 3763 2162 3844 Sacra·

211 3905 463 3972 ment:
520 3881 699 3998 [in
758 3913 937 4002 quo
982 3884 1244 3974 multa
1304 3885 1598 3973 eximii
1643 3881 1916 3970 cultus
1973 3879 2143 3967 san-

1086 4007 1179 4094 T
1242 4033 1292 4118 3
1795 4001 2026 4092 &iffi-
