2742 4592
649 458 732 525 c.
775 458 832 527 1.
875 450 1191 553 Scripta,-
1224 448 1443 525 histor.
1482 458 1767 545 general.
2078 474 2163 545 57

247 707 326 761 ‚‚
385 648 632 735 abzun
641 651 874 735 ebmen
899 718 930 762 ‚
1010 648 1244 761 bqfind
1327 650 1469 753 fich
1488 720 1521 761 ‚
1600 644 1763 757 daſs
1842 648 1953 735 die
2016 648 2157 732 Ge·

249 837 310 879 „
366 770 599 879 gend,
655 772 870 855 dorin
917 772 1356 879 Oellerreich
1382 799 1482 858 an
1544 778 1831 883 Vngern
1866 778 2155 885 rh'ynet,

243 959 307 999 ‚‚
369 890 514 975 hab
571 888 854 1005 ersth'cb
933 894 1204 980 Peonia
1233 892 1601 1005 geheissen.
1680 898 1841 989 &c.
1878 962 1938 1003 „
2012 896 2147 983 ad-

246 1012 628 1101 servatur
683 1014 778 1104 iu
833 1012 1350 1105 bibliotheca
1402 1013 1764 1133 palatina
1804 1015 2161 1107 Vindo-

245 1132 604 1223 bonenfi
647 1134 880 1223 -inter
940 1136 1280 1227 codices
1303 1136 1553 1231 MSS.
1600 1142 2041 1231 ineditum.

431 1256 532 1345 In
609 1253 1128 1349 bibliotheca
1234 1258 1779 1365 Gscbwindiona
1801 1329 1830 1368 ,
1940 1287 2162 1375 quae

247 1375 638 1471 Viennae
677 1378 1028 1495 publico
1085 1377 1296 1482 usui,
1320 1408 1573 1497 patet,
1613 1382 1831 1472 inter
1889 1383 2157 1471 libros

243 1496 430 1588 hist.
493 1520 578 1588 et
613 1500 1053 1613 politicos,
1096 1527 1180 1589 n.
1227 1518 1483 1615 3807.
1544 1505 1869 1593 exstant
1898 1506 2161 1595 PAV·

241 1618 370 1707 LI
471 1617 1276 1713 RECHBERGERI
1394 1626 1683 1709 annales
1788 1622 2161 1727 Auariacs·

245 1739 360 1827 de
417 1767 646 1831 anno
703 1746 856 1835 161
883 1770 918 1833 1
995 1744 1086 1833 in
1143 1767 1296 1855 4to
1355 1770 1619 1835 manu
1680 1744 2015 1834 exarati.

433 1856 912 1973 [Praeterea
989 1866 1080 1950 in
1149 1862 1669 1955 bibliotheca
1752 1865 2167 1957 Caesarea*

249 1983 432 2069 eius
455 1984 819 2191 tigi-:nuris
865 1982 1855 2195 chronicsambeneLmulta
1902 1984 2161 2073 inedi-

257 2128 342 2187 ta
406 2128 450 2184 a
573 2130 686 2191 uc
771 2127 1040 2207 atere,
1119 2130 1201 2191 te
1317 2131 1454 2193 tur
1622 2176 1640 2195 .
1740 2176 1759 2195 .
1818 2123 2157 2199 comment.

244 2222 868 2311 Lambecianorum
907 2223 1306 2313 editionis
1333 2226 1879 2334 Kollarianae,
1924 2254 2157 2343 prae·

222 2342 536 2432 'sertim
600 2370 796 2459 pag.
899 2369 1122 2457 500,
1209 2369 1295 2433 et
1382 2370 1587 2461 541,
1642 2347 1796 2434 ubi
1859 2347 2157 2439 LAM-

242 2462 530 2557 BECII
587 2464 1022 2579 syntagma
1097 2493 1392 2553 rerum
1472 2471 2155 2583 germanicarum

244 2580 428 2672 fuse
486 2582 1006 2691 recensetur,
1069 2612 1290 2701 quae
1329 2587 1517 2676 loca
1561 2582 1925 2702 proinde
1960 2612 2158 2673 con·

243 2705 517 2793 sulere
579 2706 1030 2821 oportebit.
1293 2734 1300 2743 ’

291 2925 304 2933 ,
427 2828 720 2940 Atque
803 2826 1095 2915 talium
1183 2826 1889 2915 nobiliffimorum
1972 2814 2155 2913 fon·

242 2948 466 3035 tium
525 2974 577 3033 e
653 2944 1201 3065 scaturigine,
1319 2949 1791 3035 recentiora
1869 2942 2159 3048 aucta,

247 3094 450 3159 rum
517 3085 967 3155 manarunt
1018 3088 1320 3207 opera,
1386 3094 1605 3180 quae
1666 3064 2149 3157 historicam

247 3190 678 3271 Gmnaniae
718 3186 1144 3304 Austriaaecte
1205 3183 1513 3277 faciem
1576 3185 2094 3301 compendio
2122 3252 2151 3291 ,

243 3308 896 3423 generatimque
965 3306 1244 3403 sistunt
1281 3374 1310 3413 ‚
1380 3336 1555 3395 uno
1622 3309 1855 3397 velut
1915 3306 2157 3394 obtu-

18 3428 22 3529 '‚
241 3453 337 3515 tu
383 3427 1070 3543 perlustrandam.
1189 3432 1282 3517 ln
1337 3428 1651 3544 quibus
1726 3456 1929 3543 prae
1963 3428 2146 3514 reli-

201 3548 440 3660 'quis
481 3550 802 3638 eminet
869 3548 968 3638 cl.
1031 3549 1505 3647 IOANNIS
1568 3544 2167 3643 STEPHANB

245 3668 810 3763 PVETTER
875 3666 1222 3775 historisch
1243 3666 1657 3778 -politisches
1718 3668 2159 3771 Handbuch,

242 3813 388 3873 von
425 3788 556 3871 der
595 3790 994 3898 besonderen
1063 3791 1423 3903 Ibutschen
1477 3792 1807 3882 Staaten.
1890 3787 2154 3889 Erster-

261 3906 452 4001 Ibeit
513 3936 654 4003 von
695 3912 1164 4024 ‚Oesterreich
1200 3978 1228 4017 ,
1295 3918 1595 4033 Bayern
1612 3982 1641 4025 ,
1704 3913 1859 4003 und
1895 3906 2153 4016 Pfalz.

1107 4034 1190 4123 D
1220 4058 1270 4155 ⁵
1850 4038 2027 4123 Git-
