2742 4592
485 448 492 454 ·
580 418 662 487 26
776 488 783 493 ,
943 406 1106 479 1..1.-
1121 403 1352 497 δαίμ.
1371 404 1513 483 hist.
1538 424 1725 499 prov.
1760 406 1977 483 Germ.
2001 407 2181 482 Aust.

565 676 627 722 ‚,
685 610 734 697 ε’
785 554 1083 690 nostris
1146 598 1445 689 itidem
1510 602 2044 716 Principibus
2060 671 2087 713 ,
2180 602 2317 693 vel
2362 551 2523 693 ad.

685 724 1032 813 eosdem
1069 720 1177 807 ab
1229 720 1446 828 aliis,
1512 723 1618 812 ab
1662 723 2069 838 episcopis
2116 722 2477 841 quoque

556 918 615 963 „
678 874 777 934 ac
825 842 1443 931 coenobiorum
1486 843 2001 959 praesulibus
2043 842 2151 931 ad
2198 844 2472 933 diver-

399 996 406 1003 ·
555 1040 615 1085 „
676 968 806 1057 sos
853 986 1230 1051 exaratae
1273 958 1639 1051 fuerunt.
1698 1030 1755 1071 η
1818 960 1949 1078 (⁰)
2011 962 2053 1084 ]

701 1085 1010 1173 Secunda
1025 1084 1307 1165 colleft't‘o
1328 1080 1687 1171 debetur
1710 1086 1808 1174 cl.
1823 1084 2468 1172 RAIMVNDO

559 1202 1080 1297 DVELLIO
1103 1204 1307 1291 Can.
1330 1200 1547 1319 Reg.
1573 1208 1652 1293 S.
1674 1207 2027 1321 August.
2061 1230 2143 1293 et
2163 1205 2467 1292 biblio-

559 1327 943 1437 thecario‘
959 1323 1832 1438 Sand-Hippolytensi,
1858 1330 2010 1439 qui
2030 1327 2256 1412 varia
2285 1330 2460 1416 Au:

553 1448 796 1535 striae
839 1468 1393 1532 monumenta
1414 1472 1517 1530 ex
1537 1445 1975 1535 codicibus
2024 1448 2269 1535 MSS.
2299 1445 2463 1532 col·

555 1570 765 1681 legit
784 1634 810 1673 ,
859 1588 943 1651 et
980 1592 1088 1650 ex
1117 1562 1245 1650 his
1280 1562 1836 1665 miliellaneorum
1856 1570 2061 1650 libros
2086 1570 2253 1651 duos
2280 1570 2462 1653 Au-

537 1688 836 1808 'gustae
859 1683 1507 1772 Vindelicorum
1534 1688 1753 1801 typis
1788 1686 2046 1793 dedit,
2084 1714 2463 1801 quorum

537 1814 814 1925 primus
861 1833 990 1891 an.
1046 1830 1296 1919 1723,
1329 1800 1670 1907 secundus
1709 1835 1836 1896 an.
1900 1820 2129 1920 1724
2166 1810 2256 1893 in
2300 1834 2455 1915 4to

361 1953 395 2011 ‘z
547 1934 829 2021 lucem
860 1926 1096 2015 vidit.
1158 1920 1647 2037 [Habentur
1671 1952 1945 2015 autem
1974 1930 2063 2014 in
2091 1928 2247 2014 hac
2270 1954 2453 2042 per-

542 2050 725 2147 utili
752 2042 1248 2136 collestione
1275 2044 1666 2159 opuscula
1705 2046 2171 2159 sequentia:
2236 2044 2385 2161 (b)

735 2169 923 2253 Yomo
975 2167 1030 2252 I.
1093 2192 1159 2250 1.
1209 2166 1301 2251 F.
1343 2166 1775 2253 ARNON
1776 2170 1864 2253 IS
1903 2170 2181 2268 scutum
2230 2173 2453 2251 Cano·

433 2320 456 2371 .·
537 2294 839 2371 nicarum
877 2284 1481 2403 Regularium,
1542 2311 1717 2398 quo
1760 2314 2055 2373 eorum
2112 2285 2447 2375 consue·

541 2396 873 2495 tudine&
895 2432 992 2492 ac
1017 2402 1471 2519 disciplina,
1498 2434 1715 2519 quae
1741 2407 2447 2513 circa-dimidium
2508 2447 2517 2465 ·

529 2526 830 2615 saeculi
893 2524 1068 2612 XII.
1124 2526 1447 2640 viguit,
1504 2523 1848 2643 ¹copiose
1936 2526 2432 2615 declaratur.

533 2650 724 2757 Pag.
792 2675 860 2736 1.

711 2796 788 2856 2.
839 2766 1212 2849 chronicon
1251 2764 1469 2851 breve
1550 2762 2091 2870 Wldhusanum
2128 2767 2236 2855 ab
2300 2796 2439 2857 an·

471 2993 484 3010 Ι
525 2916 644 2974 no
705 2919 734 2975 1
766 2901 926 2996 148
979 2881 1087 2972 ad
1156 2912 1186 2970 1
1218 2913 1401 2998 170.
1448 2884 1836 2989 Additus*
1874 2886 1986 2975 est
2008 2886 2429 3001 Praeposi-

522 3030 808 3099 torum
839 3006 1086 3094 huius
1129 3009 1530 3095 canoniae
1571 3008 1969 3100 elenchus
2036 3008 2145 3094 ab
2200 3011 2429 3111 Hen-

1618 3162 1635 3186 ‘
2199 3157 2309 3217 τιΡ

562 798 621 840 2,

607 3344 732 3431 (a)
791 3344 890 3425 [V
893 3342 982 3417 id.
1055 3363 1228 3411 nova
1267 3334 1615 3413 litteraria'
1652 3340 1998 3431 Lipfienssa
2058 3340 2425 3431 germanica

543 3529 555 3539 ,
761 3448 916 3521 anni
965 3474 1118 3539 1721
1165 3466 1314 3542 pag'.
1363 3470 1508 3536 509.

593 3564 705 3647 (b)
775 3556 1110 3628 Praemiffa
1188 3553 1397 3626 cuivis
1448 3556 1625 3625 libro
1662 3554 1770 3622 seu
1808 3568 1989 3625 tomo
2034 3559 2123 3628 est
2170 3560 2253 3628 ab
2278 3557 2421 3627 edi-

759 3680 900 3737 tore
943 3664 1348 3750 observatio,
1397 3684 1560 3753 quae
1599 3664 1995 3752 singulorum
2037 3688 2417 3736 monumen·

749 3767 960 3843 toi-‘um
999 3770 1069 3843 in
1109 3770 1226 3841 illo
1255 3787 1698 3843 contentorum
1722 3772 2061 3843 auam-em
2086 3828 2113 3862 ‚
2164 3779 2414 3862 locum,
2456 3814 2471 3833 .

748 3894 1022 3961 aetatem
1087 3878 1550 3969 manuscripti,
1618 3877 1871 3973 aliaque
1938 3904 2021 3959 eo
2090 3867 2441 3958 facientia*

749 3988 1074 4067 uberrime
1122 3990 1445 4081 edonem]
