2742 4592
709 396 788 467 C.
808 393 866 461 Ι.
889 389 1200 479 scriptor.
1234 387 1449 463 histor.
1472 398 1758 479 general.
2072 426 2101 473 ι
2126 428 2147 471 ι,

409 602 420 615 ·
475 612 522 673 2
533 605 611 699 52
675 586 1050 697 chronicon
1125 578 1509 688 Zwetlen'stt
1586 584 1979 677 vetustius
2068 590 2177 677 ab

279 735 512 795 anno
551 707 885 795 Christi·
935 732 1154 821 1077
1211 704 1319 792 nd
1399 708 1667 817 11693
1751 711 1887 795 cui
1954 708 2179 799 addi·
2240 710 2247 728 '

281 852 471 914 tum
514 822 1092 941 fragmentum
1155 824 1641 912 historicum
1676 824 1783 911 de
1802 822 2186 917 fundato-
2296 823 2307 836 ’

281 950 528 1035 ribus
567 946 1046 1065 monastetii
1089 942 1622 1058 Zwetlenfi53
1742 948 1859 1033 col.
1908 972 2105 1059 520.

471 1071 611 1155 26.
705 1068 1076 1149 Chronicon
1161 1058 1564 1169 Zwetlense‘
1634 1073 2053 1157 recentius
2136 1098 2187 1162 a

293 1187 626 1276 Christo
665 1210 865 1273 nato
903 1182 1009 1273 ad
1031 1212 1348 1271 annum
1365 1210 1638 1296 usque
1690 1214 1719 1272 1
1742 1216 1909 1300 349
1938 1218 1961 1302 3
1990 1216 2187 1275 eum

153 1352 160 1357 ·
291 1307 882 1394 additamentis
939 1302 1046 1391 ab
1105 1330 1327 1391 anno
1406 1330 1629 1419 1349
1706 1306 1814 1395 ad
1908 1333 2187 1419 14573

189 1466 200 1473 ·
287 1430 406 1511 col.
515 1438 650 1525 28.

285 1614 310 1655 ,-
451 1449 614 1658 527.
683 1546 1054 1631 Chronicon
1087 1540 1547 1634 Austrum
1569 1543 1676 1633 ab
1700 1572 1921 1635 anno
1952 1548 2191 1637 Chri·

285 1662 379 1755 sti
419 1669 708 1779 primo
748 1664 856 1753 nd
893 1695 924 1753 1
954 1676 1160 1775 1893
1202 1659 1523 1751 seclufis
1590 1666 2077 1779 vulgaribus
2118 1692 2201 1755 et

285 1783 730 1871 inutilibus
753 1842 784 1883 ‚
885 1810 1103 1898 quae
1180 1810 1497 1871 annum
1567 1782 1871 1873 Christi
1968 1812 2119 1873 101
2142 1814 2191 1877 2

283 1903 808 2022 praecedunt
827 1972 858 2011 ,
963 1902 1488 2018 minimeque
1564 1900 1671 1991 ad
1764 1896 2193 2008 historiam

285 2024 741 2113 nostratem
785 2020 1196 2138 spestant3
1253 2028 1370 2109 col.
1402 2041 1597 2135 548.

273 2169 283 2180 ·
413 2158 554 2242 28.
614 2138 1179 2233 ANONYMI
1269 2145 1645 2233 narratio
1724 2144 1811 2229 de
1886 2148 2199 2233 elefflone

283 2262 634 2349 Lothafii
670 2266 932 2353 Ducis
969 2264 1383 2352 Saxoniae
1430 2266 1521 2350 in
1586 2266 2195 2378 Imperatorem

287 2384 948 2488 Romanorum,
1039 2380 1545 2500 Moguntiae
1610 2382 1893 2477 habita
1962 2416 2187 2475 anno

307 2526 566 2614 1125.
655 2504 836 2589 Vbi
922 2502 1030 2589 de
1119 2504 1204 2591 S.
1289 2501 1745 2617 Leopoldo
1815 2509 2199 2598 Austffiae

285 2622 847 2727 Marehione,
913 2622 1274 2711 delatam
1310 2622 1465 2713 fibi
1512 2626 1855 2742 Imperii
1926 2630 2195 2747 digni·

287 2770 558 2839 tatem
603 2742 1085 2854 recusante3
1145 2747 1260 2828 col.
1293 2769 1479 2859 570.

480 2890 618 2977 29.
689 2869 1052 2945 Narratio
1138 2868 1560 2971 genealogica
1622 2864 2051 2971 posterorum
2117 2876 2197 2959 S.

287 2984 626 3094 Leopoldi
661 2980 1041 3075 Austriae
1079 2984 1651 3099 Marchion133
1712 2990 1827 3078 col.
1883 3016 2079 3107 574.

481 3134 622 3219 30.
679 3102 1105 3195 FRANC.
1142 3106 1587 3197 PATAVI
1644 3106 2203 3203 iurisconsulti

297 3244 530 3334 qratao
577 3224 686 3311 de
725 3226 802 3311 S.
855 3224 1180 3329 Leopoldo
1221 3227 1606 3316 Austriae
1646 3226 2147 3321 Marchione
2175 3300 2201 3337 ,

289 3348 636 3438 sedente
686 3346 1178 3435 Innocentio
1227 3349 1443 3435 VIIL
1480 3347 1565 3435 P.
1610 3348 1735 3433 M.
1788 3378 1871 3439 et
1920 3354 2203 3440 Fride-

293 3473 486 3559 rico
543 3467 669 3553 ΙΙΙ.
735 3465 946 3576 Imp.
1007 3466 1399 3556 suadente
1446 3533 1475 3572 ,
1577 3468 1751 3559 XII.
1826 3472 1971 3560 eal.
2040 3468 2205 3560 De-

299 3586 674 3681 cembris
714 3608 940 3670 anno
1021 3600 1314 3699 1484,·
1371 3586 1723 3707 publico
1782 3594 1873 3679 in
1948 3592 2205 3680 confi-

295 3712 560 3802 storio
592 3703 924 3807 habitab·
982 3709 1096 3803 col,
1152 3735 1340 3831 577.

1829 3950 1837 3958 '
1949 3980 2089 4069 31.
