2742 4592
589 462 707 529 130
849 386 874 409 J
917 442 1002 507 L.
1025 442 1078 509 L
1108 436 1501 527 Script.hist.
1522 456 1709 525 prov,
1736 438 1955 505 Germ.
1976 434 2156 531 Aust.

764 650 898 737 De
957 648 1239 732 Samene
1279 643 1408 761 (a)
1467 643 1991 733 Vinidorum
2036 646 2129 733 in
2188 644 2507 736 Caren-

489 812 496 822 ’
581 773 806 861 tania
861 770 992 856 Re
1057 798 1153 873 e,
1251 793 1727 878 eorumque
1815 792 2107 855 contra
2164 770 2505 855 Avaros

581 891 922 979 vindice
1023 888 1158 974 use
1207 890 1385 1003 agit
1462 885 2110 977 FREDEGAR.
2157 886 2507 976 SCHO-

580 1010 1157 1103 LASTICVS
1237 1032 1599 1095 coaevus
1702 1006 2001 1095 saeculi
2081 1010 2237 1097 VII
2308 1006 2505 1094 scri·

578 1160 804 1251 ptor,
850 1134 938 1217 in
969 1133 1280 1211 'chronico
1319 1128 1439 1215 'ab
1474 1126 1967 1213 ANDREA
2012 1126 2129 1216 du
2174 1128 2506 1217 CHES·

577 1254 743 1345 NE
825 1252 911 1338 S.
972 1250 1078 1335 R.
1138 1248 1615 1339 Francicar.
1700 1247 1812 1332 T.
1882 1248 1937 1333 l.
1998 1278 2199 1364 pag
2266 1270 2502 1361 745,

581 1398 748 1463 eta
802 1367 1581 1457 THEODORICO
1672 1367 2223 1458 RVINART
2294 1394 2502 1455 eum

581 1492 986 1630 operibus
1059 1489 1467 1605 Gregorii
1551 1486 2075 1577 Turoneniis
2172 1484 2501 1575 Parisiis

598 1617 826 1727 1699
891 1614 982 1697 in
1039 1606 1181 1697 fol.
1247 1609 1527 1713 edit0,
1591 1600 2496 1720 observationibusque

583 1734 737 1821 illu
756 1736 1018 1819 strato.

761 1852 1168 1957 Diplomata
1249 1846 1358 1934 ad
1450 1849 1822 1935 Ducatus
1912 1812 2158 1933 huius
2250 1846 2499 1935 histo·

577 1978 796 2063 riam
857 1971 1163 2059 idonea
1206 1969 1650 2083 complura
1677 1968 2093 2082 prostant
2070 1994 2158 2052 m
2194 1966 2487 2053 ANT.

577 2090 1210 2191 STEYERER
1275 2097 1769 2171 commentariis
1814 2107 1955 2195 pro
2013 2087 2312 2172 Alherto
2376 2094 2423 2171 l
2432 2090 2492 2171 I.

578 2213 1008 2329 superiore
1115 2232 1350 2322 parte
1442 2206 1760 2322 saepius
1868 2206 2221 2294 laudatis
2264 2272 2292 2313 ,
2396 2210 2495 2292 in
2602 2272 2613 2285 .

576 2328 1258 2423 FROELICHII
1319 2326 1805 2431 diplomataria
1870 2320 2077 2433 [acra
2158 2327 2497 2413 Ducatus

581 2456 869 2567 Styriae
927 2448 1052 2567 (b)
1111 2446 1833 2549 MARQVARDI
1894 2446 2495 2654 HERsGlOTT

2134 2596 2217 2683 p
2229 2596 2365 2655 en-

828 2886 1261 2959 Carinthiacis
1305 2882 1597 2983 rraCtatio
1630 2912 1715 2956 ex
1742 2888 1989 2959 schedis
2024 2894 2222 2963 MSS.
2280 2894 2489 2959 Geor-

829 2996 926 3087 gii
969 2995 1258 3067 Fabricii
1280 3011 1461 3065 eruta
1494 2996 1627 3080 est,
1669 2998 2245 3088 compleftiturque
2286 2999 2499 3088 pluri-

829 3128 1000 3188 maS,
1047 3106 1216 3173 leEiu
1239 3102 1655 3193 dignissimas»,
1679 3108 1759 3173 de
1784 3108 1979 3174 rebus
2016 3106 2495 3195 antiquioribus
2588 3124 2593 3135 ·

831 3212 972 3283 eius
1012 3209 1302 3301 regionis
1348 3210 1826 3295 coniecturam]

615 3306 622 3313 ’
665 3322 821 3407 (a)
869 3325 979 3405 [Is
1047 3323 1330 3389 Francus
1402 3334 1584 3401 erat..
1630 3320 1712 3386 de
1776 3341 1943 3407 pago
1984 3322 2378 3411 Senonago,
2426 3336 2493 3393 et

828 3426 1094 3518 negotia
1137 3428 1364 3497 crebro
1414 3448 1561 3495 cum
1604 3424 1873 3500 vinidis
1896 3432 2268 3499 exercebat.
2316 3437 2493 3502 Cum

830 3556 989 3607 vero
1031 3534 1104 3604 hi
1145 3532 1322 3604 illius
1367 3534 1628 3603 consilio
1652 3586 1681 3621 .,
1723 3548 1788 3603 et
1826 3532 2211 3605 fortitudine
2252 3538 2491 3625 adiuti,

828 3649 1086 3714 Avaros
1141 3641 1328 3737 gravi
1387 3640 1632 3731 praelio
1696 3642 2121 3731 superaffent.,
2184 3650 2489 3715 eumdem

827 3754 902 3821 in
967 3750 1134 3841 grati
1199 3750 1398 3821 animi
1486 3747 1917 3819 testimonium
1984 3753 2237 3838 Regem
2306 3754 2487 3823 suum

835 3859 1326 3929 constituerunt.
1411 3876 1417 3881 ·

569 3975 576 3984 ’
667 3970 781 4053 (b)
825 3966 984 4055 Vid.
1027 3968 1210 4053 supra
1255 3972 1308 4052 ς.
1349 3972 1437 4037 Ῑῐ.
1486 3970 1566 4035 de
1609 3968 1995 4058 scriptoribus
2032 3968 2315 4055 styriam]
