2742 4592
456 490 464 496 .
629 419 750 505 106
878 383 1097 493 L.f1.
1144 416 1381 532 script.
1426 422 1677 508 geneal.
1722 421 1896 508 Aug.
1920 423 2160 491 Domus
2202 418 2376 492 Aust.

619 617 712 706 in
797 613 1316 702 bibliotheca
1401 611 1762 728 palatina
1840 599 2495 700 'Vindobonenfi

639 733 1164 848 autographa
1271 731 1752 820 custoditur.
1834 729 2039 846 -]
2158 729 2493 819 THEO-
2658 813 2671 844 ‚

626 855 1024 946 DORICI
1097 849 1707 942 PIESPORDII
1776 852 2075 968 stemma.
2116 853 2497 956 Principum

631 977 1067 1080 Habsburgo
1111 1021 1140 1035 -
1189 971 1725 1082 Austriacorum
1760 1039 1789 1078 ,
1898 975 2190 1086 origo,
2274 971 2502 1086 geste·
2551 1045 2561 1065 ,

636 1125 808 1212 que
887 1121 936 1180 a
996 1091 1591 1205 Pharamundo
1672 1093 2203 1182 Francorum
2280 1091 2499 1204 Rege

631 1217 743 1306 ad
803 1212 943 1300 sua
989 1240 1262 1324 usque
1317 1237 1705 1326 tempora
1752 1211 2158 1319 deducta,
2221 1237 2301 1299 et
2354 1214 2503 1296 icc-

629 1336 888 1423 nibus
931 1333 1341 1420 —illustrata
1370 1398 1397 1437 ,
1457 1333 1859 1419 Bruxellis
1936 1337 2183 1421 1620.
2236 1333 2323 1418 in
2376 1324 2504 1414 fol.

631 1453 931 1544 excusa
1009 1452 1216 1540 sunt.
1329 1451 1674 1540 Constat
1730 1479 2015 1540 autem
2091 1453 2253 1539 hoc
2311 1471 2503 1563 opus

625 1601 1048 1692 perquam
1104 1599 1395 1659 rarum
1482 1597 1567 1658 et
1624 1595 1796 1658 tam
1858 1573 2219 1662 Claudio
2258 1571 2506 1661 Peire·

623 1695 841 1797 scio,
885 1719 1144 1805 quam
1187 1694 1389 1780 Ant.
1454 1690 1569 1777 du
1618 1691 1990 1799 Chesne,
2052 1695 2252 1781 viris
2298 1683 2507 1804 apud

510 1872 520 1882 ,
625 1813 918 1901 Gallos
1009 1811 1509 1910 clarissimis,
1606 1811 2154 1902 vehementer
2228 1808 2507 1927 proba-

639 1961 873 2035 tum,
937 1931 1239 2020 tabulis
1289 1931 1468 2016 XII.
1528 1931 1701 2016 aeri
1760 1931 2082 2040 incifis,
2164 1923 2513 2046 ampliffi⁴

633 2055 758 2140 mi
798 2051 1080 2166 spatii,
1143 2048 1458 2164 quibus
1493 2053 1774 2153 omnis,
1810 2054 2307 2170 genealogia
2357 2049 2514 2136 Au-

631 2173 925 2260 striaca
981 2196 1255 2283 usque
1339 2168 1459 2256 ad·
1522 2169 1928 2260 Carolum
1990 2176 2101 2264 V.
2161 2167 2515 2284 imagIni-

623 2293 791 2380 bus
814 2352 842 2395 ,
905 2287 1495 2399 succinctaque
1564 2286 2129 2407 descriptione
2187 2290 2517 2380 declara·

627 2437 793 2500 tur.
897 2455 1008 2475 --
1118 2405 1757 2498 HORTENSII
1864 2407 2481 2504 PALAVICIN
2486 2405 2515 2488 1

403 2569 446 2602 ο
629 2529 955 2640 historiae
1023 2523 1405 2631 Caesarum
1464 2525 2005 2640 Austriacorum
2018 2599 2046 2642 ,
2113 2528 2513 2621 adiectum

629 2652 886 2738 etiam
961 2649 1076 2734 est
1151 2645 1526 2756 registrum
1602 2655 2099 2761 genealogicum
2122 2719 2149 2762 ‚
2231 2679 2280 2738 a
2334 2645 2517 2737 Pha·

627 2767 1052 2887 ramundo
1139 2769 1669 2856 Francorum
1733 2771 1978 2890 Rege
2054 2771 2165 2863 ad
2222 2763 2519 2858 Rudol·

453 2962 456 2971 .
625 2892 900 3026 phum
983 2891 1037 2974 Ι.
1123 2887 1874 3007 Habsburgicum,
1981 2890 2516 2999 eiusdemque

631 3010 1154 3100 continuatio
1240 3037 1443 3097 cum
1536 3012 1748 3098 XIII.
1873 3006 2515 3130 Imperatoribus

627 3129 1084 3222 Austriacis
1143 3129 1249 3218 ad
1335 3129 1971 3220 Ferdinandum
2051 3135 2178 3223 ΙΙΙ.
2266 3148 2519 3236 usque

627 3248 902 3339 nitide
961 3251 1134 3335 aeri
1191 3249 1483 3341 incifisl
1546 3297 1633 3314 -
1690 3253 1833 3340 Ad
1896 3252 2291 3340 eamdem
2354 3237 2522 3332 clas-

623 3371 809 3459 sem
917 3363 1362 3459 .referendi
1500 3365 1690 3460 sunt
1808 3362 2525 3460 WOLFGANGI

626 3491 952 3606 LAZn
1009 3500 1639 3578 commentariorum
1697 3499 1773 3580 in
1826 3495 2286 3601 genealogiam
2372 3489 2525 3572 Au·

625 3609 960 3711 (triacum
1019 3611 1184 3695 libri
1239 3611 1415 3718 duo,
1492 3615 1581 3699 in
1636 3613 1949 3728 quibus
2008 3633 2343 3726 practer
2400 3629 2525 3690 ve-

625 3729 1061 3836 tustatem,
1129 3733 1755 3846 nobilitatem„
1808 3757 2062 3848 atque
2130 3727 2521 3817 arborem

615 3847 860 3942 «resta
896 3849 1483 3955 ascendentem
1535 3853 1899 3969 inclytae
1948 3843 2527 4061 gentistabs·
2668 3899 2670 3902 ι

787 4021 791 4028 .
2279 3989 2408 4050 ur.
