2742 4592
599 516 680 581 52
819 493 906 561 L.
951 495 1004 561 1.
1051 491 1284 583 Script.
1320 491 1467 563 hist.
1500 510 1688 581 prov.
1730 496 1947 563 Germ.
1998 490 2176 564 Aust.

591 686 1018 775 historiam
1040 750 1068 791 ,
1133 702 1216 771 et
1273 712 1409 773 res
1464 685 1689 803 belli
1727 687 2132 802 pacisque
2186 714 2523 805 tempo-

593 837 687 896 re
747 806 1012 923 gestas
1077 831 1470 895 enarrant
1491 872 1520 911 ,
1580 805 2035 896 indicanda
2091 835 2251 897 nos
2313 837 2521 897 con-

576 930 1023 1017 vertimus.
1109 928 1326 1015 Sunt
1384 954 1671 1018 autem
1717 929 2225 1044 praecipua,
2288 956 2521 1043 quae

589 1046 944 1164 quidem
1004 1045 1147 1135 seu
1209 1051 1437 1165 typis
1496 1048 1693 1137 data
1749 1049 2006 1155 novi,
2094 1047 2239 1135 seu
2298 1076 2519 1144 non·

582 1170 796 1259 dum
855 1170 948 1254 in
979 1168 1261 1257 lucem
1317 1170 1673 1285 prolata,
1732 1163 1914 1254 fere
1972 1167 2408 1283 sequentia
2434 1168 2511 1285 z]

755 1286 1413 1379 MATTHAEI
1494 1286 2043 1379 Mareschalci
2104 1289 2216 1378 de
2264 1291 2521 1381 PAP-

405 1414 442 1449 ·“
579 1406 1102 1499 PENHEIM
1163 1408 1292 1527 (a)
1359 1412 1713 1496 chronicae
1779 1416 2117 1521 antiquae
2178 1406 2513 1514 Austra-

577 1532 664 1615 lis
743 1556 1244 1649 excerptum
1335 1530 1445 1619 ab
1526 1557 1755 1619 anno
1846 1529 2207 1619 Domini
2274 1544 2501 1643 852,

579 1649 690 1738 ad
765 1680 800 1741 1
819 1674 1013 1765 327.
1129 1652 1299 1742 Cui
1357 1652 1687 1741 accedit
1745 1648 2129 1739 eiusdem
2178 1651 2511 1761 hssoriae

587 1770 966 1873 Australis
1053 1799 1247 1889 pars
1326 1775 1661 1889 plenior
1702 1839 1731 1878 ,
1820 1771 1927 1858 de
2006 1770 2253 1886 gestis
2341 1770 2503 1860 sub

259 1822 282 1831 ἡ
395 1808 408 1991 1*
571 1890 1628 2009 Rudolpho,·Ad01pho,
1710 1914 1797 1977 et
1852 1890 2219 1981 Alberto
2294 1892 2509 1980 Cae-

572 2010 896 2101 saribus
975 2012 1086 2103 ab
1157 2040 1383 2101 anno
1462 2013 1738 2125 1276,
1838 2011 1947 2099 ad
2030 2038 2161 2099 an.
2244 2038 2505 2125 1302.

575 2132 1074 2245 'Vtrumque
1116 2162 1332 2249 opus
1374 2132 2205 2233 MARQVARDVS
2244 2130 2505 2223 FRE-

575 2252 961 2343 HERVS
1026 2278 1262 2344 tomo
1317 2257 1608 2372 primo
1653 2250 2159 2371 scriptorum
2203 2272 2501 2343 rerum
2644 2342 2649 2349 ,

573 2373 1280 2465 Germanicarum
1299 2444 1326 2485 ,
1374 2406 1423 2465 a
1463 2373 1545 2462 se
1589 2368 2130 2465 Francofurti
2176 2375 2505 2464 volum.

569 2494 844 2583 tribus
909 2497 1004 2581 in
1047 2492 1194 2584 fol.
1242 2525 1378 2584 an:
1432 2498 1659 2584 1600
1703 2518 1789 2582 et
1832 2493 2065 2606 seqq.
2115 2493 2506 2608 primum

575 2614 1004 2704 editorum
1025 2684 1054 2723 ,
1137 2614 1482 2705 inseruit
1498 2644 1525 2715 ς
1584 2616 1673 2702 Β.·
1754 2614 1857 2701 G.
1908 2614 2501 2704 STRVVIVS

569 2762 781 2824 vero
821 2738 1169 2825 tertium
1217 2738 1308 2827 in
1363 2734 1651 2825 recusa
1711 2734 2011 2824 eadem
2060 2732 2497 2824 Freheria·

567 2884 679 2943 na
737 2856 821 2945 S.
877 2857 980 2946 R.
1025 2857 1131 2946 G.
1199 2853 1715 2949 colleffione'
1748 2884 1859 2943 ex
1904 2854 2205 2945 codice
2262 2851 2505 2943 Neo·
2558 2940 2565 2949 .

569 2974 946 3065 stadiensi
995 2979 1550 3084 emendatiuS,
1594 3003 1677 3065 et
1720 2974 1829 3065 ad
1882 3002 2203 3063 annum
2254 2994 2503 3088 1344

413 3149 421 3157 .
566 3099 1180 3209 continuatum,
1226 3098 1640 3219 produxit
1661 3098 2217 3213 Argentorati
2262 3122 2493 3210 1717

565 3223 660 3307 in
717 3214 867 3307 fol.

2059 3332 2243 3425 AN
2244 3334 2355 3421 0-

647 3574 766 3657 (a)
814 3570 1002 3668 [Qui
1041 3586 1110 3663 et
1157 3584 1436 3662 quantus
1496 3568 1601 3641 vir
1640 3570 2018 3641 Matthaeus
2078 3568 2195 3639 iste
2232 3568 2437 3639 fuerit
2464 3620 2491 3653 ,

821 3682 1022 3750 docet
1083 3678 1446 3753 WOLFG.
1540 3678 1880 3749 LAZIVS
2004 3674 2179 3747 libro
2290 3678 2491 3747 VIII.

819 3793 892 3859 de
967 3790 1202 3881 migrat.
1241 3792 1501 3881 gentium
1570 3792 1692 3858 fol.
1729 3808 1871 3874 574.
1930 3785 2093 3857 edit.
2148 3786 2497 3857 Bameens.

811 3894 1139 3967 Videatur
1177 3891 1377 3965 etiam
1423 3894 1525 3965 de*
1562 3892 1679 3964 illo
1717 3896 2023 3967 MART.
2094 3894 2489 3965 CRVSIVS

809 4006 1002 4071 annal.
1057 4004 1291 4071 Suevic.
1336 4004 1415 4073 L.
1458 4002 1543 4071 X.
1597 4006 1666 4074 P.
1714 4006 1840 4074 111.
1884 4016 1951 4073 et
1983 3990 2481 4073 WIGVLEVS

823 4106 1100 4181 HVND
1143 4107 1479 4199 Bayaerfib.
1522 4114 1866 4179 stammiucb
1892 4112 1966 4182 P.
2018 4112 2164 4193 II.)
