2742 4592
673 436 761 537 C.
799 462 854 531 1.
893 456 1203 551 scriptor.
1225 455 1443 529 histor.
1477 460 1761 547 general.
2052 499 2057 510 ·
2104 482 2183 549 59

269 657 564 774 operis
589 678 676 743 et
693 659 916 743 vitae
951 650 1293 766 abrupit
1357 650 1640 758 filum,
1688 655 1867 741 eius
1919 660 2177 753 conti-

253 776 581 869 nuandi
661 775 1108 891 negotium
1189 773 1280 863 in
1347 771 1432 865 se
1491 771 1842 891 suicepit
1918 776 2021 863 R.
2082 782 2167 867 P.

255 896 874 995 ADRIANVS
962 892 1381 985 RAVCH
1459 921 1508 980 e
1590 894 1919 995 Scholis
1986 900 2177 1007 Piis,

269 1020 398 1108 rei
451 1016 1099 1133 diplomaticae,
1153 1022 1250 1101 ac
1275 1012 1661 1113 historiae
1697 1014 2179 1135 praesertim
2356 1034 2362 1039 ’

271 1137 766 1231 Austriacae
807 1132 1462 1239 studiofiffimus,
1544 1137 1695 1247 qui
1742 1156 2029 1245 partem
2074 1139 2181 1247 se-

252 1262 612 1365 cundam,
687 1287 738 1345 a
804 1254 1688 1345 SCHROETTERO
1728 1260 1945 1347 b.m.
1994 1264 2171 1373 qui-

265 1379 476 1479 dem
552 1402 944 1490 coeptam
974 1443 1004 1483 ,
1095 1404 1144 1466 a
1213 1373 1296 1462 se
1367 1404 1575 1465 vero
1659 1379 1766 1465 ad
1832 1380 2177 1467 Friderici

249 1498 576 1595 Bellicofi
617 1524 924 1595 necem
995 1492 1495 1611 perdufilam
1526 1564 1555 1603 ,
1634 1526 1763 1591 an.
1829 1515 2051 1617 1780
2086 1504 2177 1593 in
2308 1566 2317 1584 .

249 1621 542 1713 lucem
621 1618 908 1730 dedit3
1027 1642 1428 1731 annoque
1521 1618 1869 1715 demum
1952 1628 2161 1737 17'81
2325 1702 2336 1707 -

245 1744 576 1823 wlumen
655 1744 944 1821 tertium
1019 1734 1364 1841 adiecit,
1410 1764 1587 1849 quo
1630 1740 2010 1827 Austriae
2056 1744 2177 1833 hi·-

253 1860 562 1963 storia,
636 1855 840 1944 inde
907 1882 1176 1969 usque
1221 1856 1328 1945 ad
1396 1852 1780 1945 Otto'cari
1812 1860 1900 1943 in
1946 1890 2177 1975 prae·

251 1982 373 2071 lio
445 2005 648 2067 cum
696 1974 1162 2092 Rudolpho
1201 1978 1258 2071 1.
1303 1979 1531 2095 Aug.
1597 1979 1993 2087 caedem,
2056 1984 2174 2069 in,

243 2099 486 2188 sertis
545 2100 798 2185 var-iis
854 2099 985 2185 ius
1025 2096 1469 2211 publicum
1522 2098 1838 2212 patriae
1876 2128 1975 2189 ac
2015 2103 2171 2189 Im-

241 2216 1094 2336 periisspeEtantibus
1147 2216 1871 2307 observationibus
1900 2286 1931 2329 ,
1984 2219 2167 2310 sub·

245 2337 735 2454 iunffisque
839 2338 1264 2433 nonnullis
1369 2336 1703 2424 ineditis
1796 2342 2102 2452 partim
2132 2411 2158 2448 ,

243 2464 568 2577 partim
642 2458 1160 2546 emendatius
1229 2456 1605 2575 procusis
1692 2456 2165 2572 diplomati-

243 2582 466 2685 buS,
550 2578 986 2690 uberrime
1071 2602 1154 2667 et
1219 2576 1561 2670 sollicita
1630 2602 1828 2667 eum
1912 2580 2163 2672 adcu-

248 2703 587 2805 ratione
662 2718 1116 2787 enarratur.
1203 2757 1222 2779 .
2263 2802 2273 2811 ο

430 2821 860 2917 Revoeari
903 2844 1253 2936 quoque
1295 2814 1464 2907 huc
1533 2846 1711 2906 non
1752 2818 1999 2932 pauci
2050 2845 2157 2915 ex

245 2943 414 3031 illis
485 2938 862 3053 poss‘unt,
933 2965 1152 3055 quos
1215 2937 1300 3023 P.
1353 2938 1407 3029 Ι.
1454 2938 1559 3035 L.
1609 2940 1665 3035 I.
1708 2940 1789 3033 S.
1831 2940 1884 3031 Ι.
1929 2937 2026 3026 C.
2074 2939 2152 3043 Ι,

159 3100 180 3109 ’
241 3063 409 3150 ubi
483 3058 590 3145 de
653 3062 1138 3165 chorographis
1200 3080 1284 3149 et
1350 3058 1462 3156 L.
1536 3059 1623 3149 11.
1696 3058 1793 3145 C.
1863 3058 1939 3163 1,
2002 3058 2153 3151 ubi

248 3182 363 3270 de
419 3180 862 3302 topqgrophis
910 3178 1346 3287 generalibus
1407 3178 1913 3267 Germaniae
1977 3180 2149 3271 Au-

69 3314 74 3321 '
243 3302 596 3391 striacae
667 3298 947 3397 afiium
1017 3294 1232 3399 fuit,
1295 3300 1383 3391 in
1452 3297 1843 3395 medium
1874 3324 2161 3413 protu-

261 3422 549 3515 limus·
953 3468 960 3480 ·

437 3542 724 3623 Statum
794 3534 1447 3628 RELIGIONIS
1490 3539 2157 3653 provinciarum,

149 3658 160 3663 ’
247 3662 742 3753 Austriacae
805 3660 1186 3773 potestati
1256 3660 1349 3745 in
1436 3660 1893 3747 Germania
1978 3658 2163 3771 iub-

245 3782 714 3887 stantum,
807 3806 1268 3893 exponunt,
1316 3782 1407 3867 in
1477 3778 1950 3877 transcursu
2023 3778 2161 3865 sal-

251 3928 484 4011 tem,
547 3928 844 3995 omnes
889 3902 1330 4021 scriptores
1376 3900 1547 4013 illi,
1612 3904 1763 4020 qui
1806 3900 2161 4041 Germa-

951 4046 964 4051 “
1602 4070 1621 4087 ·
1794 4052 1829 4066 ··
1854 4050 2041 4113 mae
