2742 4592
508 483 639 562 224
674 469 761 544 1..
796 471 955 543 1111.
984 462 1387 562 Scapulam
1430 469 1604 559 Aug.
1645 471 1894 546 Domus
1934 467 2119 542 Aust.
2141 467 2426 564 special.
2584 461 2595 466 “

509 667 643 758 αᾶ·
698 665 1077 784 posteros
1159 661 1849 774 transmiserunt,
1949 665 2089 754 vel
2157 664 2444 756 saltim
2522 751 2532 758 ,

488 815 705 876 mea
746 785 1123 903 plurium
1162 784 1587 872 eiusmodi
1627 781 2184 900 scriptorum,
2239 780 2444 873 ubi·

512 933 713 996 nam
806 904 1196 992 locorum
1268 903 1624 1008 lateant,
1701 907 2223 1022 ignorantia,
2261 943 2266 952 ·
2307 893 2444 990 iu·-

509 1027 637 1115 sto
698 1025 1189 1112 breviorem
1228 1021 1390 1110 hae
1441 1022 1809 1112 sestione
1865 1054 2004 1112 me
2065 1025 2224 1112 ell'e
2287 1051 2446 1112 co·

510 1148 667 1264 git.
765 1146 1056 1259 ltaque
1086 1171 1371 1252 ‘nemo
1437 1141 1532 1230 id
1576 1139 1792 1230 ferat
1849 1144 2238 1234 acerbius
2289 1171 2444 1230 ve·

518 1267 699 1371 1ἰῐη,
738 1263 795 1350 fi
838 1265 929 1351 in
967 1259 1348 1350 universa
1365 1259 2008 1367 ‚Marchionum
2055 1265 2446 1353 Ducum·-

238 1475 247 1486 .
398 1383 411 1404 '
518 1413 693 1500 que
731 1385 1118 1471 Austriae
1154 1381 2041 1498 Babenbergicorum,
2083 1383 2268 1488 serie
2311 1411 2442 1489 ge-

511 1505 907 1614 nealogica,
991 1529 1253 1622 quam
1310 1502 1498 1589 fieri
1551 1505 1913 1618 poterit,
1991 1501 2443 1593 adem-atis-

516 1623 722 1714 fime
757 1652 806 1712 a
844 1649 986 1710 me
1034 1621 1556 1727 exhibenda,
1617 1623 1841 1720 bene
1888 1624 2152 1713 multa
2197 1623 2442 1712 Prin·

525 1741 817 1860 cipum
858 1743 1255 1848 nomina,
1317 1741 1567 1831 nullis
1619 1743 2032 1836 historicis
2093 1746 2200 1831 de
2239 1743 2439 1858 ipsis

516 1861 935 1980 sigillatim
974 1861 1525 1981 metantibus-
1605 1865 2014 1980 operibus
2099 1864 2442 1969 sociata,

521 1985 615 2072 in
672 1983 1083 2097 praesenti
1156 1977 1628 2092 offenderit.
1749 1983 1935 2074 Erit
1992 1987 2223 2071 enim
2259 1977 2442 2071 for·

366 2129 371 2132 ·
522 2104 735 2194 taffis
797 2101 1235 2216 quondam
1296 2125 1634 2218 tempus
1715 2127 1802 2196 et
1879 2105 2253 2207 occasio,
2329 2127 2440 2194 ut

520 2249 608 2312 et
667 2223 860 2312 istae
922 2221 1269 2322 relitiae.
1308 2248 1539 2324 nunc
1570 2253 1646 2314 ‘a
1707 2252 1849 2313 me
1917 2224 2322 2331 lacunae,
2387 2254 2444 2316 a

524 2370 972 2459 quoquam
1045 2345 1174 2432 rei
1229 2341 1622 2432 librariae
1690 2343 2097 2462 peritiore
2143 2339 2446 2434 --felici·

522 2487 652 2550 ter
713 2466 1229 2580 expleantur.
1443 2493 1454 2502 ·
1847 2559 1854 2568 ,

700 2585 919 2672 Sunt
976 2611 1189 2700 ergo
1249 2582 1754 2702 peculiaria,
1807 2611 2026 2697 quae
2071 2583 2440 2700 quidem

522 2707 774 2811 novi,
834 2703 1137 2830 scripta
1176 2705 1307 2793 ‘de
1375 2733 1875 2798 LEOPOLDo
1963 2735 2021 2794 1.
2119 2704 2437 2818 illustri,

521 2824 997 2938 sequentia:
1077 2826 1549 2916 HIERON.
1613 2827 1897 2918 PEZII
1979 2825 2442 2914 dissertatio·

522 2972 764 3035 tomo
803 2947 1087 3061 primo
1127 2948 1209 3037 S.
1268 2949 1374 3036 R.
1415 2951 1524 3037 A.
1587 2945 2073 3066 praemiffa,
2136 2973 2219 3035 et
2264 2948 2443 3034 iam
2489 3059 2498 3065 .

526 3069 737 3156 alibi
782 3067 1152 3174 laudata,
1232 3068 1956 3184 qua‘inquiritur:
2035 3095 2170 3180 quo
2225 3091 2444 3150 aerae

527 3185 946 3302 christianae
994 3217 1172 3273 anno
1235 3192 1624 3298 Leopoldus
1674 3235 1760 3252 -
1817 3187 2165 3294 Austsiae
2217 3187 2308 3271 P·
2331 3190 2444 3269 in·

524 3315 825 3412 cipetum
914 3305 1290 3396 adiverit?
1377 3313 1537 3401 δῖε.
1608 3353 1728 3376 —·
1781 3305 1822 3424 ]
1911 3301 2442 3398 MARTINI

525 3427 1061 3544 KROPF-Fn
1093 3428 1542 3518 differtatio
1589 3429 1978 3518 historica
2039 3445 2124 3514 de
2165 3435 2436 3535 origme

412 3606 417 3615 -
527 3549 916 3662 monasterii
960 3551 1392 3660 Meuicenfis
1475 3571 1548 3638 et
1615 3557 1692 3636 in
1745 3599 1754 3608 ·
1761 3555 2014 3656 primis
2087 3550 2172 3635 de
2251 3551 2456 3636 Leo·

514 3671 717 3778 potdo
759 3667 1051 3760 illustri
1075 3677 1307 3776 primo
1340 3671 1690 3786 Austriae
1733 3671 2175 3777 Marchione,
2221 3695 2458 3782 quae

527 3789 682 3883 sub
744 3790 1084 3880 initium
1144 3791 1579 3880 bibliothecae
1642 3791 2050 3892 Meuicerfis
2063 3853 2096 3898 ,
2151 3791 2460 3877 vien-

2177 3939 2356 3999 nae.
