2742 4592
535 512 618 575 ς·
825 490 906 558 L.
957 492 1014 557 Ι.
1047 486 1281 579 Βοτὶρε.
1318 488 1459 559 hist.
1500 511 1687 577 prov.
1730 443 1951 559 Geriu.
1998 488 2179 559 Aust-

539 710 758 798 quae
809 671 1195 772 historiae
1253 710 1433 769 non
1488 684 1769 770 minus
1844 708 2105 796 quam
2142 704 2449 799 genea-

542 805 820 919 logiae
881 803 1246 891 multum
1308 803 1517 891 lucis
1561 800 1939 908 adferre,
2002 830 2259 888 nemo
2303 803 2451 906 est,-

544 926 696 1037 qui
759 924 1110 1011 dubitet.
1233 922 1363 1011 Ex
1422 922 1551 1010 his
1596 928 1917 1037 quippe
1951 923 2453 1037 Principum

539 1045 1078 1155 aliorumque
1179 1042 1615 1131 illustrium
1750 1045 2136 1129 virorum
2265 1040 2453 1129 dies

529 1163 1080 1279 emortuales,
1155 1166 1304 1276 qui
1366 1163 1457 1250 in
1500 1162 1935 1253 annalibus
1997 1161 2457 1248 chronicis-

530 1281 703 1399 que
783 1282 1385 1397 saepenumero
1470 1280 2037 1371 desiderantur
2062 1346 2093 1387 ,
2174 1280 2453 1368 {imul-

541 1428 712 1517 que
751 1401 976 1491 haud
1023 1430 1219 1489 raro
1268 1402 1697 1489 natalicios
1719 1468 1745 1506 ,
1808 1398 2035 1492 facili
2092 1402 2453 1518 negotio

535 1548 846 1633 eruere
903 1520 1358 1635 poss'umuS.
1480 1522 1830 1609 Silentio
1868 1546 2151 1611 tamen
2212 1548 2453 1636 prae-

539 1641 918 1731 termissis
943 1708 972 1747 ,
1035 1635 1253 1755 quae
1317 1642 1411 1727 in
1494 1619 2132 1730 collefflonibus
2202 1640 2457 1755 supra

529 1761 951 1850 recensitis
1014 1763 1188 1848 iam
1245 1759 1807 1851 indicavimus
1836 1826 1865 1867 ,
1924 1760 2064 1849 illa
2123 1759 2453 1850 dumta-

514 1907 674 1970 xat
731 1882 899 1968 hoc
958 1880 1152 1967 loco
1213 1882 1900 1969 enumerabimus
1922 1947 1949 1985 ,
2014 1908 2232 1994 quae
2292 1879 2451 1965 Iin-

525 2002 886 2119 gulatim
946 2001 1082 2087 seu
1144 2001 1366 2088 edita
1420 2000 1557 2089 seu
1620 2002 1937 2089 inedita
1993 2001 2442 2114 hucusque

536 2125 982 2235 novimus;
1045 2119 1545 2237 videlicett]
1592 2196 1603 2205 .

413 2278 422 2293 ·
530 2240 546 2285 ¹
715 2242 1190 2359 chrologium
1271 2244 1569 2340 ecclesiae
1657 2236 2151 2329 cathedralis
2214 2244 2303 2325 V
2300 2247 2448 2337 ien-

533 2362 794 2467 nenfis,
853 2360 1092 2473 quod
1153 2362 1409 2448 exstat
1442 2363 1533 2451 in
1593 2362 1893 2450 codice
1950 2360 2145 2467 illo,
2228 2362 2315 2449 P.
2382 2362 2443 2447 Ι.

534 2476 644 2572 L.
706 2481 798 2569 11.
861 2482 960 2569 C.
1021 2480 1148 2567 111.
1209 2476 1286 2593 §.
1329 2511 1429 2593 »3.
1490 2511 1573 2571 n.
1637 2505 1717 2574 2.
1777 2508 1965 2598 pag·-
2014 2503 2211 2594 253.
2276 2480 2451 2567 lau·

537 2602 767 2705 dato,
827 2600 967 2686 cui
1016 2596 1300 2686 titulus
1323 2632 1350 2688 ε
1428 2604 1655 2688 Liber
1670 2601 2138 2715 statutorum,
2202 2598 2447 2715 quod

347 2826 356 2833 ‚
411 2770 430 2775 —
525 2722 768 2838 leges
850 2716 1263 2830 quasdam
1323 2721 1533 2817 olim
1603 2752 1651 2809 a
1720 2721 2150 2809 canonicis
2218 2748 2449 2808 com-

539 2841 784 2929 muni
833 2838 1224 2946 consilio,
1287 2867 1431 2929 aut
1488 2842 1824 2931 aliunde
1856 2842 2195 2929 ‘statutas
2242 2868 2467 2926 con·-

537 2962 815 3047 tineat.
873 2960 1106 3051 Nam
1164 2962 1258 3046 in
1313 2962 1687 3077 praefixo
1750 2961 2227 3051 calendario
2270 2958 2446 3047 Ro·

527 3108 786 3169 mano
855 3107 1036 3167 non
1088 3077 1408 3187 solum,
1470 3081 1632 3169 sed
1690 3084 1944 3170 etiam
2005 3083 2096 3167 in
2176 3074 2449 3185 folin,

543 3200 947 3288 anteriori
1027 3199 1358 3291 tabulae
1439 3202 1769 3317 ligneae
1864 3200 2391 3316 adglutinato
2414 3264 2447 3304 ‚

531 3318 974 3434 complura
1015 3323 1366 3409 nomina
1417 3316 2015 3425 defunfi’torum
2068 3318 2254 3407 sunt
2300 3316 2447 3404 de-

519 3440 683 3529 scri
743 3462 846 3527 ta.
947 3490 955 3507 ·

680 3467 1201 3665 pNecrologium
1297 3547 1783 3672 Neffladiense
1833 3626 1862 3667 ,
1994 3556 2235 3675 quod
2280 3592 2287 3597 ·
2342 3554 2447 3643 cl.

523 3678 1140 3770 STEYERER
1199 3678 1290 3766 in
1349 3683 1671 3796 templo
1734 3679 2185 3769 cathedrali
2216 3678 2451 3765 Neo-

518 3800 760 3889 stadii
817 3802 1200 3890 Austriae
1259 3802 1575 3915 reperit
1601 3869 1627 3907 ,
1692 3828 1915 3889 anno
1974 3802 2195 3910 1468
2259 3798 2455 3885 scri·

530 3942 824 4038 ptum,
887 3946 974 4011 et
1033 3918 1364 4020 tabulae
1424 3920 1753 4039 ligneae
1806 3919 2449 4039 adglutinatum.

2096 4040 2317 4131 Con·

695 4140 735 4169 Ι
