2742 4592
603 422 676 470 11
889 399 972 469 L.
1011 400 1064 471 L
1093 398 1330 489 Script.
1351 398 1498 471 hist.
1522 420 1709 489 prov,
1732 404 1955 471 Germ.
1978 403 2161 475 Aust.

725 591 871 682 Ad
925 591 1629 681 ClLEIENSEM
1676 594 2252 698 Comitatum,
2304 586 2484 685 Du³

554 715 776 802 catui
835 716 1172 824 Scyriae
1222 742 1270 801 a
1319 714 1854 828 temporibus
1900 713 2315 821 Friderici
2352 718 2481 803 ΠΙ.

549 837 782 949 Aug.
869 830 1182 921 arffius
1261 832 1717 938 insertum,
1812 860 1955 921 me
2041 858 2481 923 converto,

550 954 887 1043 Praeter
939 953 1038 1039 cl
1089 950 1752 1041 FROELICHII
1790 956 2245 1061 genealogiam
2305 960 2482 1039 bou-

549 1079 974 1179 nekiorum,
1053 1072 1503 1181 HAHNII
1582 1079 1935 1157 chronicon
2000 1076 2475 1159 Celeianorum

549 1200 862 1279 comitum
951 1187 1209 1315 (a)
1259 1190 1662 1304 aliudque
1778 1196 2135 1275 chronicon
2212 1198 2479 1295 triplex

571 1314 956 1397 Celeianum
1014 1309 1129 1397 ab
1181 1294 1768 1413 AQVILINO
1830 1313 2151 1403 IVLIO
2212 1314 2481 1405 CAE-
2500 1391 2509 1395 -

553 1431 852 1523 SARE
909 1430 1395 1545 vulgatum,
1496 1460 1577 1519 et
1634 1434 1861 1521 notis
1928 1437 2235 1524 criticis
2293 1434 2478 1521 illu-

551 1554 894 1641 stratum
956 1547 1066 1665 (b
1097 1556 1132 1659 )
1167 1616 1194 1657 ,
1260 1550 1368 1637 de
1431 1554 1745 1664 quibus
1789 1554 1871 1641 P.
1900 1555 1955 1641 Ι.
1992 1554 2212 1641 L.11.
2254 1554 2473 1642 C.11.

431 1682 466 1700 “
555 1670 633 1789 §.
668 1674 756 1761 ΙΙ.
775 1700 968 1789 pag.
1037 1695 1202 1777 142
1240 1694 1321 1756 et
1357 1696 1515 1779 145
1548 1675 1879 1787 egimus
1894 1670 1970 1788 ,]
2020 1676 2111 1760 in
2163 1673 2497 1759 biblio·
2572 1696 2594 1706 ·

553 1792 798 1880 theca
831 1790 1214 1932 ‘palatina
1271 1790 1919 1879 Vindobonenfi
1997 1793 2224 1880 aliud
2290 1793 2474 1879 eius

555 1916 893 2030 generis
947 1914 1300 1992 chronicon
1365 1912 1703 2007 Cileienlis
1760 1918 2123 1996 comitatus
2184 1912 2469 2019 exstat,

554 2038 772 2120 inter
837 2029 1174 2119 codices
1220 2030 1757 2147 germanicos
1798 2030 2235 2119 historicos
2270 2060 2473 2147 pro·

552 2148 798 2239 fanos
877 2180 958 2237 n.
1025 2164 1184 2257 28,
1273 2148 1381 2237 ab
1442 2150 1752 2255 altem,
1812 2178 1970 2292 per
2026 2146 2528 2239 Hahnium'

557 2272 828 2377 editu,
893 2272 1291 2385 tantisper
1374 2268 1839 2377 diversum,
1872 2370 1883 2383 ,
1918 2273 2011 2357 in
2092 2299 2473 2386 quorum

553 2417 841 2479 tamen
921 2412 1226 2476 neutro
1333 2390 1765 2475 Gathar-inae
1788 2456 1818 2497 ‚
1910 2392 2328 2479 Friderici
2408 2392 2471 2477 Ι.

557 2512 926 2599 Comitis
975 2509 1310 2597 Celeiae
1398 2507 1613 2597 filiae
1650 2576 1678 2615 ,
1766 2534 1851 2597 et
1909 2512 2249 2600 Alberti
2302 2510 2470 2597 1111.

556 2626 1047 2717 Goritienfis
1089 2628 1430 2735 uxoris,
1490 2628 1582 2715 fit
1626 2633 1970 2720 mentio,
2098 2627 2139 2743 [
2179 2630 2477 2745 Diplo-

556 2779 754 2859 ma,
817 2776 992 2864 quo
1073 2747 1671 2865 Sigismundus
1734 2751 1965 2867 Aug.
2027 2750 2471 2957 Fridoiiiico

635 3028 755 3115 (a)
801 3022 1291 3109 [Inseribiturz
1355 3026 1631 3108 Chronicq
1670 3016 1775 3093 der
1826 3028 2014 3101 Edlen
2083 3028 2304 3115 Grafen
2346 3050 2469 3097 von

804 3135 942 3202 Cim
991 3130 1114 3205 &aa
1179 3136 1328 3201 aller
1365 3134 1619 3201 Hitndell
1674 3138 1785 3203 Art
1806 3182 1828 3218 ,
1893 3129 2151 3225 Kriegen
2172 3178 2207 3215 ,·
2262 3140 2343 3202 W
2342 3136 2473 3221 ψη

799 3246 919 3309 und
941 3247 1157 3324 Leben,
1181 3244 1300 3306 und
1325 3241 1432 3307 wie
1455 3242 1595 3309 eins
1614 3246 1753 3309 nach
1792 3246 1915 3311 dem
1938 3246 2153 3311 anderu
2183 3246 2287 3309 mit
2324 3246 2473 3312 viell

807 3344 1035 3419 Thaten
1057 3348 1170 3436 sy
1195 3350 1567 3431 einbrochen,
1627 3350 1811 3417 bieria
1852 3348 2073 3436 evfiben
2112 3358 2225 3419 und
2250 3356 2471 3443 begrif-

791 3456 902 3548 fen
949 3456 1148 3523 wirot.
1203 3460 1418 3525 Kumbt
1452 3458 1547 3523 her
1570 3462 1685 3544 unci
1708 3459 1946 3546 schauet
1969 3462 2064 3527 die
2110 3464 2323 3530 Werck
2363 3465 2474 3529 des

805 3567 1024 3633 Herm.

637 3676 751 3763 (b)
797 3671 1066 3742 Titulus
1103 3670 1318 3743 eidem
1353 3667 1721 3761 praemissus
1746 3672 1879 3740 est.-
1922 3672 2195 3739 Chronica
2232 3675 2337 3739 der
2361 3698 2473 3761 ge·

621 3772 640 3789 ’
791 3778 1090 3869 flufleten‘
1117 3782 1358 3846 Graven
1402 3802 1517 3847 von
1560 3780 1711 3867 Ciny
1752 3778 1867 3849 &a
1911 3786 2051 3847 aller
2104 3780 2469 3847 ritterlichen

657 3902 670 3923 '
809 3893 1038 3956 Toum
1065 3935 1086 3969 ,
1135 3888 1374 3974 Wefi’m·
1396 3934 1419 3969 ,
1462 3892 1686 3954 Lebens
1713 3934 1733 3968 ‚
1776 3890 1895 3954 und
1928 3888 2195 3976 Abgangs
2224 3935 2249 3971 .‚
2320 3890 2465 3953 hier-

819 3996 884 4064 t'n
929 3994 1269 4083 bescha-ichen
1304 3998 1415 4095 [Is.
1446 3998 1581 4063 nach
1627 3998 1821 4082 volgt.
1848 4004 1894 4075 J
1944 4070 1953 4079 ,
