2742 4592
617 407 788 530 230⁴⁸
907 437 996 511 1..
1037 441 1127 510 11.
1166 439 1407 528 Script-
1445 439 1702 528 geneal.
1743 435 1923 530 Aug)
1960 443 2145 510 Doni.
2186 435 2358 511 Aust.

613 661 669 737 gv
735 635 1097 740 Baviera,
1144 633 1497 722 Madriti
1532 636 1575 720 ἰ
1595 607 1811 748 689.x
1850 634 1937 719 in
1978 627 2117 720 fol.
2177 658 2345 744 quo
2396 633 2477 718 in

623 755 849 842 libro
944 755 1292 859 stemma
1399 755 1933 844 Austriacum'
2039 750 2475 866 Hispanum

619 877 994 990 Regium
1034 943 1063 981 ‚
1145 875 1787 988 Palatinumque
1859 873 2135 963 Rheni
2206 897 2285 957 et
2354 871 2477 960 Ba-

610 997 992 1085 varicum
1033 995 1358 1084 erudite
1414 994 1910 1082 recensetur.
1982 1042 2065 1058 —-
2176 992 2479 1108 Dignus

615 1115 970 1233 publico
1059 1114 1591 1202 eruditorum
1672 1113 1959 1229 plausu
2042 1112 2275 1197 labor
2342 1111 2477 1197 est:

618 1235 1240 1325 GODEFRIDI
1297 1235 1765 1334 PHILIPP1
1803 1229 2480 1336 SPANAGELII,

523 1369 530 1392 ²
617 1354 1183 1443 bibliothecae
1249 1355 1696 1446 Caesareae
1742 1355 2151 1462 custodis,
2210 1354 2479 1460 biparti-

617 1491 702 1562 ta
757 1481 1220 1564 commentatio
1293 1484 1368 1560 in
1420 1477 1729 1560 tabulam
1802 1477 2353 1590 hieroglyphicam
2417 1486 2479 1554 ee

617 1599 1221 1703 geneographicam
1280 1599 1555 1684 Domus
1618 1593 2052 1703 Austriacae
2110 1613 2177 1678 et
2236 1596 2481 1678 Lotha·

614 1721 922 1822 ringicae
985 1717 1157 1804 aeri
1227 1716 1569 1806 incisam
1591 1780 1619 1821 ,
1700 1742 2073 1806 unacum
2136 1714 2273 1802 sex
2334 1713 2481 1827 pri·

609 1835 792 1923 scae
907 1834 1647 1952 consanguinitatis
1700 1833 2425 1923 ‘renovationibus
2454 1897 2479 1936 ,

607 1981 764 2070 per
805 1954 1160 2042 totidem
1223 1961 1439 2044 inter
1486 1958 1929 2070 utriusque
1962 1957 2233 2043 lineae
2268 1953 2484 2067 spon·

597 2074 742 2162 'fos
788 2057 1291 2190 sponsasque
1313 2075 1619 2166 sancita
1652 2079 2217 2164 matrimonia.
2278 2076 2485 2190 Opu-

605 2193 999 2284 sculum
975 2225 1142 2286 iam
1197 2197 1399 2285 inde
1463 2227 1513 2286 a
1570 2199 1883 2312 nuptiis
1962 2197 2485 2285 serenissimae

609 2315 1120 2404 Archiducis
1191 2293 1572 2406 Austriae
1634 2313 2155 2432 Infantisque
2215 2315 2487 2431 Hispa·

608 2437 991 2522 niarum
1049 2439 1344 2522 Aleriae
1436 2441 1513 2522 T
1503 2440 1719 2534 heres
1690 2467 1860 2542 ae
1956 2467 2159 2525 cum
2244 2437 2478 2525 seren.

601 2551 961 2653 francilio
985 2557 1349 2663 Stephano,
1378 2557 1989 2674 Locharingiae
2039 2561 2303 2663 Duce,
2334 2585 2482 2666 ma-

602 2703 780 2788 gno
806 2676 1539 2783 DuceHetruriae,
1568 2679 1705 2764 die
1740 2679 2072 2768 12Feb.
2112 2709 2239 2766 an.
2282 2677 2483 2789 1736

491 2817 496 2822 ’
597 2796 1174 2886 Vindobonae
1274 2799 1759 2904 celebratis,
1866 2801 2485 2886 elucubratum.

555 2945 834 3004 =nunc
865 2945 1072 3004 vero
1131 2917 1479 3005 demum
1537 2921 1859 3032 aliquot
1903 2916 2486 3007 acceffionibus

603 3035 944 3124 aufiium
1001 3065 1082 3124 et
1144 3041 1363 3152 typis
1436 3042 1814 3147 editum,
1888 3041 2320 3129 occasione
2384 3031 2483 3120 fe·

597 3150 953 3246 licisfimi
1013 3157 1557 3246 serenissimae
1638 3159 2153 3248 Archiducis
2233 3151 2485 3246 Infan

603 3278 886 3389 tisque
962 3279 1413 3394 Hispaniae
1506 3283 1808 3366 Mariae
1896 3287 2200 3387 Annae,
2304 3303 2487 3365 eum

601 3395 860 3489 seren.
969 3399 1210 3482 carolo
1296 3401 1710 3485 Alexandro
1752 3468 1778 3505 ‚
1888 3400 2487 3512 Lotharingiae

606 3519 1000 3631 Principe
1046 3549 1130 3606 et
1185 3523 1474 3630 Duce,
1540 3523 1919 3636 coniugii
1980 3523 2165 3606 initi
2220 3521 2357 3606 die
2413 3545 2484 3627 7.

519 3698 529 3710 ι
608 3639 965 3725 Ianuarii
1013 3667 1476 3752 «3111744
1539 3643 1630 3726 in
1688 3669 1864 3749 4t0.
1888 3643 2307 3754 Longior
2354 3637 2487 3724 iste

601 3760 887 3848 titulus
946 3785 1541 3887 argumentum
1605 3765 1856 3850 totius
1920 3761 2292 3878 opusculi
2342 3757 2486 3844 cla·

2282 3907 2377 3966 re
