2742 4592
581 454 696 525 128
821 448 908 517 L.
953 448 1010 515 1.
1051 392 1290 545 Setip't.
1321 445 1466 519 hist.
1504 436 1692 533 Pt'ov⁸
1744 448 1968 517 Germ.
2016 446 2201 519 Aust.

581 641 832 731 huius
921 642 1204 757 operis
1285 666 1481 755 pars
1566 640 1928 731 debetur
1992 635 2483 751 manuscriptis

577 764 991 847 collefianeis
1069 786 1156 849 et
1231 758 1559 873 hxstoriae
1622 762 2038 847 Corinthiae
2094 762 2489 853 GOTT-
2672 778 2681 789 ‘

573 880 946 971 HARDI
991 880 1103 969 de
1153 876 2128 973 CHRISTALLNICK.
2196 889 2205 895 ’
2244 883 2497 975 Cete-
2695 960 2701 967 .

559 1032 774 1095 rum
851 1001 1123 1091 vastus
1210 999 1567 1116 quidem
1654 1002 2015 1117 scriptor
2076 1004 2195 1091 est
2276 1003 2493 1103 ME·

577 1122 1092 1228 GISERVS,
1182 1145 1551 1209 attamen
1624 1124 1889 1213 muita
1960 1120 2202 1239 saepe
2266 1121 2491 1212 affir-

581 1268 757 1333 mat
776 1310 805 1351 ,
859 1248 952 1331 in
1009 1238 1267 1329 rebus
1308 1241 1798 1357 praesertim
1841 1244 2489 1350 vetustioribus,

585 1394 804 1481 quae
894 1361 1210 1451 idoneo
1303 1360 1505 1449 teste
1587 1362 1775 1451 sunt
1844 1360 2227 1451 destituta
2256 1430 2288 1473 ,
2386 1390 2491 1453 ut

576 1485 791 1574 adeo
875 1484 1024 1569 vix
1101 1478 1284 1570 tuto
1352 1483 1446 1569 in
1509 1484 1689 1570 eius
1748 1484 2239 1573 sententiam
2296 1482 2493 1571 ubi-

574 1632 750 1721 que
813 1601 1154 1691 transire
1209 1602 1482 1693 liceat.
1576 1598 1703 1719 (a)
1767 1600 2120 1717 [Nimia
2161 1605 2489 1720 quippe

577 1722 972 1816 facilitate
991 1790 1022 1831 ,
1087 1722 1285 1809 teste
1350 1720 1833 1813 ERASMO
1886 1720 2489 1815 FROELICH

583 1845 993 1935 Archontvt.
1057 1843 1386 1929 Corinth.
1430 1838 1676 1948 praef.
1740 1842 2168 1956 acquievit
2206 1872 2485 1933 narta-

576 1964 962 2059 tionibus
1047 1960 1507 2052 WOLFG.
1595 1962 1915 2055 LAZII
1948 2026 1980 2069 ,
2084 1990 2297 2077 quas
2370 1960 2485 2050 de

494 2119 512 2140 ‘
585 2083 1069 2177 carinthiae
1132 2082 1436 2189 rebus»,
1523 2082 1666 2171 seu
1734 2084 1934 2173 Lib.
2002 2082 2146 2171 VI.
2219 2110 2304 2201 p.
2364 2110 2485 2171 m.

597 2230 786 2322 159.
881 2206 1040 2297 ὅτε.
1077 2185 1218 2289 'de
1308 2202 1836 2313 migrationibus
1906 2219 2263 2312 gentium,
2338 2202 2487 2291 seu
2676 2199 2682 2209 ’

585 2328 692 2416 L.
756 2324 934 2413 XII.
1017 2347 1476 2414 comment.
1540 2322 1653 2411 de
1706 2322 2056 2431 republica
2112 2326 2488 2429 Romana,

581 2471 822 2536 veras
879 2438 1091 2533 falfis
1161 2441 1620 2559 dubiisque
1674 2442 1988 2533 miscet.

767 2561 1327 2651 Emendando
1396 2566 1490 2653 in
1546 2564 1831 2651 multis
1893 2560 2485 2652 MEGISERO

580 2683 968 2809 proderit
1010 2681 1699 2773 CHRISTOPH.
1758 2682 2223 2773 PESLERI
2274 2678 2497 2783 series

583 2811 871 2905 Ducum
934 2802 1349 2889 Corinthiae
1390 2830 1629 2919 parte
1665 2805 1719 2892 Ι.
1774 2802 1882 2892 L.
1922 2806 1977 2892 1.
2022 2806 2105 2893 S.
2152 2805 2207 2892 I.
2242 2803 2343 2892 C.
2388 2804 2487 2891 11.

533 2962 538 2971 ¹
584 2925 665 3045 §.
713 2924 838 3014 ΙΙΙ.
873 2950 1066 3039 pag.
1113 2948 1249 3036 ²7·
1297 2924 1935 3029 commendata,
1998 2925 2153 3038 qui
2189 2923 2495 3011 MAR-

594 3050 706 3140 Cl
777 3044 1327 3148 HANSIZII,
1410 3044 1700 3133 ANT.
1789 3042 2491 3150 STEYERERI,

583 3197 670 3260 et
737 3164 1461 3267 MARQVARDI
1548 3164 2147 3255 HERGOTT
2214 3166 2491 3281 operi-

581 3290 744 3379 bus
799 3284 1034 3392 usus,
1124 3286 1594 3373 vetustioris
1652 3287 1840 3374 nevi
1902 3286 2493 3402 cognitionem

565 3406 980 3533 prueb'et,
1052 3428 1137 3491 et
1210 3404 1511 3493 seriem
1576 3408 1923 3507 Ducum
2004 3406 2493 3498 Cariathiae

581 3556 850 3647 quam
896 3524 1615 3617 adcuratiffimatn.
2260 3640 2343 3733 L

667 3836 782 3923 (α)
827 3831 1040 3919 [Vid.
1105 3834 1162 3901 L
1233 3832 1306 3902 P.
1347 3830 1783 3903 LVDEWIG
1850 3826 1919 3899 in
1960 3832 2349 3919 Erlc‘t‘uterung
2390 3830 2499 3899 der
2606 3852 2617 3859 ·

830 3944 1116 4032 gamem
1157 3942 1372 4024 Bane,
1418 3940 1489 4009 P.
1533 3942 1587 4009 1.
1610 3942 1870 4009 etue.
1918 3938 2264 4009 cARoL.
2312 3917 2513 4009 SPE-¹

835 4050 1024 4117 NER
1055 4046 1126 4115 in
1149 4048 1443 4135 teutfibem
1484 4048 1843 4123 &antiret-bt
1884 4046 1973 4121 T.
1992 4050 2083 4121 11.
2110 4048 2195 4123 L.
2216 4048 2340 4127 IL]
