2742 4592
375 421 461 490 C.
483 421 571 490 11.
596 423 645 504 ς.
669 419 834 490 Vn.
857 417 1090 506 Script.
1105 415 1318 488 histor.
1339 417 1601 510 special.
1622 420 1807 491 Aust.
1848 419 1971 490 int.
2034 431 2169 506 ,πει

232 605 523 720 scona,
585 609 826 700 Vtini
887 641 1110 700 anno
1182 617 1405 726 1659
1470 615 1555 700 in
1618 607 1761 716 fol.
1788 617 2160 720 curavit,

243 759 504 846 atque
601 763 826 822 anno
910 733 1399 848 insequente
1490 737 1715 820 1660
1802 762 1941 823 res
2000 763 2168 822 eas·
2246 729 2256 741 “

91 889 104 900 ’
243 853 499 960 dem,
563 855 833 942 italica
893 854 1226 969 lingua,
1308 858 1477 944 hoc
1536 855 1829 942 titulo:
1891 853 2169 962 historie

239 973 422 1056 della
471 981 848 1080 provincia
930 975 1041 1058 del
1127 977 1413 1079 Friuli„
1492 973 1599 1062 ab
1694 975 1961 1062 Attila
2048 973 2159 1062 ad

245 1092 480 1180 suam
557 1123 830 1208 usque
915 1119 1272 1182 aetatem
1371 1096 1681 1222 litteris·
1766 1095 2099 1182 traditas
2124 1164 2153 1200 ‚

245 1213 574 1300 ibidem
640 1217 728 1301 in
805 1210 948 1302 fol.
1012 1215 1300 1303 emisit.
1443 1215 1895 1304 Accedunt
1957 1223 2161 1300 vitae

81 1385 90 1422 ·.
244 1337 855 1420 Patriarcharum
995 1335 1555 1447 Aquileiensis
1686 1333 2069 1422 ecclesiae
2130 1403 2161 1442 ,

244 1481 456 1568 quas
516 1455 622 1541 ab
707 1454 1264 1548 ANTONIO
1343 1442 1895 1544 BELLONO
1926 1522 1954 1561 ,
2016 1483 2165 1542 no·

241 1578 436 1664 tarii
494 1603 846 1662 munere
905 1577 1146 1662 Vtini
1240 1567 1705 1692 fungente,
1766 1575 2163 1691 plurimis

92 1785 104 1802 ,
242 1693 630 1811 inspeffis
689 1695 1060 1800 schediS,
1124 1721 1330 1806 quas
1375 1722 1729 1801 vocant,
1794 1695 2165 1782 tabellio-

245 1815 514 1918 nicis,
575 1812 922 1903 saeculo,
982 1814 1207 1901 XVI.
1267 1841 1554 1940 usque.
1598 1816 1707 1903 ad
1764 1815 2163 1904 Marcum

243 1936 634 2024 Grimani
713 1933 1275 2024 patriarcham
1369 1933 1861 2049 perduRaS,
1946 1933 2163 2023 MV-

247 2053 864 2144 RATORIVS
929 2081 1170 2144 tomo
1251 2055 1479 2142 XVI.
1514 2060 1951 2172 scriptorum
2018 2057 2163 2138 Ita-

37 2152 40 2297 ἶ
113 2211 126 2222 ·
245 2179 378 2258 lme
450 2177 778 2290 publici
837 2177 1040 2261 iuris
1114 2175 1494 2288 primum
1570 2167 1797 2262 fecit.
1889 2175 2151 2276 *Tam

245 2295 450 2382 dem
539 2321 622 2383 et
649 2317 656 2324 ·
681 2296 800 2382 illi
859 2293 1318 2394 antistitum
1414 2293 1953 2404 Aquileiensium
2039 2276 2156 2376 cci·

237 2417 504 2522 talogi,
568 2442 786 2528 quos
895 2411 1346 2502 WOLFG
1430 2413 1859 2532 LAZlVS
1924 2441 2153 2503 com·

235 2537 675 2622 mentariis
725 2537 1160 2630 „reipublicae
1225 2537 1585 2620 Romanae
1604 2599 1629 2636 ,
1714 2561 1799 2622 et
1880 2533 2155 2623 SAM-

229 2655 894 2744 MARTHANI
973 2650 1269 2748 fratres
1351 2656 1627 2740 Galliae
1716 2655 1905 2743 suae
1976 2659 2157 2737 chri·

217 2773 510 2982 (lionae
533 2841 558 2879 ‚
619 2777 1188 2879 inseruerunt,
1251 2775 1342 2860 in
1402 2799 1862 2862 numerum
1922 2776 2153 2888 veni-

278 2924 325 2981 e
391 2893 730 2984 debent.
810 2939 930 2958 --
985 2896 1419 2983 Praeterea
1479 2893 2152 3009 haudquaquam

231 3014 555 3132 (ilentio
658 3013 1380 3128 praetermittendi
1465 3013 1693 3104 sunt:
1834 3011 1961 3102 IV
1960 3013 2155 3102 STI

229 3129 904 3226 FONTANINI
982 3131 1182 3220 libri
1260 3137 1645 3249 quinque
1670 3202 1701 3241 ,
1799 3133 2143 3250 prorsus

231 3255 610 3370 egregii,
655 3255 974 3364 historiae
1012 3255 1421 3342 litterariae
1448 3255 1903 3367 Aquileiensis
1919 3319 1949 3358 ‚
1998 3254 2153 3366 qui

229 3375 563 3462 Romae
625 3399 844 3490 1742
909 3375 999 3460 in
1056 3397 1234 3484 4to.
1278 3379 1499 3490 typis
1563 3374 1733 3462 dati
1790 3373 2001 3460 sunt.
2062 3413 2149 3438 —--

223 3493 330 3580 Et
392 3522 656 3606 quam
714 3493 1425 3585 RVDOLPHVS
1484 3495 1731 3582 Com.
1794 3493 2151 3586 CORO-

223 3617 350 3704 NI
359 3616 454 3705 Ν
454 3615 488 3703 Ι
513 3679 540 3721 ,
607 3615 714 3706 de
772 3622 1034 3727 origine
1011 3619 1604 3822 meep‘fitm'ae
1668 3615 1743 3708 S.
1820 3617 2156 3718 Stephani

1177 3763 1226 3848 a
1835 3759 2033 3854 pro·
