2742 4592
153 480 157 485 ’
259 494 346 560 C.
391 490 480 558 11.
517 485 756 577 script.
785 486 1038 575 geneal.
1076 484 1294 555 Ptine.
1321 485 1500 555 Aust.
1527 500 1706 573 gent.
1752 484 2009 557 Habsb.
2054 494 2177 573 19‘9

249 678 654 768 iconibus
714 678 953 793 ligno
1015 678 1286 767 incisis
1315 746 1344 785 ,
1426 706 1789 767 numero
1864 676 2178 794 septua-

259 804 500 914 ginta
559 798 878 914 septem
943 825 1285 905 ornata,
1346 800 1556 888 nihil
1618 826 1900 887 tamen
1950 828 2182 915 prae-

251 939 382 1005 ter
473 920 1022 1033 imaginarios
1118 924 1483 1008 maiores
1574 920 1987 1035 singulare
2050 948 2177 1006 re·

255 1036 570 1126 ferens.
687 1088 774 1103 —
852 1040 1255 1127 Eiusdem
1335 1041 1586 1156 pretii
1668 1042 1924 1128 altera
2009 1066 2179 1149 gen

253 1179 354 1241 τις
439 1158 874 1271 Austriacae
955 1166 1348 1269 genealogia
1420 1161 1534 1246 est
1574 1228 1603 1265 ,
1692 1188 1909 1273 quae
1980 1161 2173 1254 cod

253 1279 518 1366 chart.
607 1281 700 1365 in
767 1306 944 1421 4to.
1009 1282 1225 1369 inter
1293 1280 1469 1367 hist.
1553 1276 1775 1395 prof.
1838 1308 1918 1367 n.
1974 1306 2177 1394 757.

251 1399 588 1486 ibidem
640 1404 1096 1515 reperitur,
1153 1430 1201 1487 a
1259 1402 1595 1494 Priamo
1646 1402 2172 1489 Sicambriae

253 1545 344 1607 et
417 1521 822 1609 Franciae
901 1522 1188 1628 Duce,
1271 1547 1429 1636 per
1518 1522 2177 1637 Merovingicos

255 1668 540 1753 usque
620 1640 728 1727 ad
811 1640 1298 1755 Philippum
1367 1644 1430 1735 Ι.
1487 1641 2049 1729 Maximiliani
2114 1642 2169 1729 Ι.

255 1761 534 1847 filium
595 1760 974 1849 dedusta.
1057 1804 1144 1819 —
1225 1758 1560 1877 [Aliud
1622 1786 1975 1875 quoque
2037 1788 2171 1845 ex-

42 1984 60 2003 ·
251 1881 405 1967 stat
463 1880 648 1969 MS.
711 1882 1023 1969 IOAN.
1109 1883 1512 1972 VLRICI
1570 1880 2174 1970 PREGIZERI

255 2001 936 2115 autographum,
1001 2026 1140 2115 29
1189 1998 1413 2089 foliis
1468 2002 1875 2105 constans,
1933 1998 2172 2111 quod

251 2126 324 2209 is
367 2148 499 2208 an.
551 2142 800 2235 1705.
848 2150 954 2211 ex
1011 2124 1548 2211 MARTINL
1594 2068 2185 2209 RAV'SCHE-

257 2243 612 2347 R1,in
669 2243 1096 2331 academia
1173 2238 1731 2359 Tubingenfi
1782 2234 2185 2355 profess‘o-

255 2364 374 2449 ris
463 2361 843 2477 publici,
921 2362 1242 2451 schedis
1329 2360 1811 2466 anecdotis,
1926 2382 2179 2443 veram

249 2489 588 2591 originem
631 2484 906 2567 Domus
949 2483 1296 2590 Austriae
1335 2514 1383 2572 a
1442 2480 1871 2568 veteribus
1914 2481 2177 2567 Fran·

255 2604 438 2689 ciae
497 2602 888 2717 Regibus
947 2632 1125 2691 non
1182 2602 1567 2691 intercisa
1633 2600 1841 2688 serie
1923 2599 2179 2687 dedu-

239 2724 693 2829 centibuS,
773 2724 1140 2839 collegit.
1289 2728 1695 2813 Attamen
1777 2720 2182 2833 scriptum

251 2844 426 2929 hoc
501 2790 747 2932 valde
829 2838 1483 2958 imperfectum,
1567 2866 1651 2927 et
1711 2868 1819 2927 ex
1880 2838 2179 2927 Guilli·

257 2983 580 3049 manno
680 2964 1196 3081 potiffimum
1283 2962 1759 3051 desumtum
1822 2962 1956 3047 est.
1983 2956 2037 3072 ]
2090 3006 2177 3021 -

253 3080 644 3169 Melioris
671 3087 1113 3174 commatis
1154 3085 1342 3175 sunt
1403 3080 1878 3171 IOANNIS
1941 3080 2173 3167 DIL-

255 3200 542 3291 LENI
617 3204 674 3286 d
667 3202 1121 3314 ffertattones
1195 3206 1555 3310 historicae
1633 3202 1741 3289 de
1832 3200 2173 3315 origine

257 3323 839 3443 Francorum,
905 3352 990 3413 et
1045 3326 1475 3414 stemmate
1519 3320 2175 3436 Habsburgico,

258 3444 633 3531 Lovanii
708 3450 953 3559 1623.
1019 3448 1108 3532 in
1168 3472 1345 3557 4to.
1412 3448 1500 3531 in
1538 3444 1843 3529 lucem
1904 3439 2175 3555 prola·

261 3590 460 3651 tae.⁸
526 3608 614 3625 -·-
722 3565 1101 3654 IOANN
1103 3570 1193 3655 IS
1282 3564 1669 3653 GANSII
1775 3562 2179 3645 arboretam

264 3682 781 3791 Austriacum,
825 3688 1237 3774 exhibens
1299 3712 1597 3774 omnes
1668 3677 1847 3769 fere
1910 3683 2183 3793 Impe-

263 3806 366 3891 rii
413 3804 894 3920 PrincipeS,
959 3832 1042 3895 et
1115 3806 1505 3921 Europae
1570 3802 1827 3889 hodie
1889 3800 2180 3915 Reges

263 3926 480 4015 linea
540 3926 768 4017 reela
827 3926 1426 4043 descendentes
1488 3954 1537 4013 a
1593 3920 2057 4036 Rudolpho
2126 3920 2184 4010 1.

1073 4048 1166 4141 Ν
1221 4074 1286 4157 4
1806 4045 2071 4163 Impe-
