2742 4592
447 494 454 499 ·
575 482 660 545 72
901 462 988 531 L.
1011 460 1064 533 1.
1090 444 1327 548 Seript.
1343 458 1489 531 hist.
1506 410 1693 551 μω).
1716 462 1931 531 Germ.
1958 462 2141 533 Aust.

551 622 872 741 ‚aetate'
899 651 1005 739 ad
1070 653 1635 742 Maximiliani
1682 655 1739 741 1.
1814 679 2251 771 tempora,
2340 647 2497 745 mi-

407 827 412 835 ·
583 799 781 859 rum
841 773 930 857 in
989 773 1352 863 modum
1412 774 1838 881 illustrant.

775 891 995 981 Inter
1044 894 1380 983 codices
1450 922 1711 985 manu
1783 888 2163 985 exa'ratos
2236 894 2501 983 latete

590 1008 868 1099 adhuc
906 1014 1240 1102 videtur
1264 1079 1293 1120 ,
1357 1042 1619 1128 quem
1686 1018 1907 1131 typis
1952 1016 2245 1105 datum
2298 1011 2500 1103 fuis—

536 1143 559 1175 ·
587 1128 670 1217 se
717 1133 1076 1247 ignoro,
1139 1139 1535 1251 egregius
1580 1133 1770 1223 sane
1812 1134 2296 1253 dignusque
2342 1138 2507 1247 qui

595 1278 644 1335 e
702 1250 1075 1342 tenebris
1128 1281 1515 1359 eruatur,
1576 1256 1794 1345 liber
1853 1258 2167 1345 IOAN.
2232 1256 2501 1343 WlL-

589 1370 970 1463 HELM'I
1012 1404 1061 1462 a
1109 1375 1759 1479 GREYSSEN‚
1810 1371 1920 1465 L.
1976 1376 2061 1465 B.
2104 1378 2195 1463 in
2236 1374 2503 1463 wald

594 1516 680 1579 et
755 1494 1307 1611 Sitzenberg,
1396 1522 1619 1585 anno
1712 1500 1936 1585 1610
2016 1494 2499 1601 absolutus,

596 1639 680 1699 et
763 1612 1192 1703 historiam
1285 1616 1807 1705 Austriacam
1896 1616 2003 1705 ab
2063 1646 2195 1707 an.
2268 1646 2299 1707 1
2324 1642 2489 1729 273

581 1732 692 1825 nd
737 1763 900 1851 149
913 1765 960 1849 3
998 1736 1612 1854 compless‘tenS,
1644 1736 1815 1825 hoc
1854 1738 2148 1829 titulo:
2194 1734 2475 1849 oester-

583 1858 940 1961 reicbtjcbe
962 1856 1326 1969 Htstorien
1339 1924 1369 1961 ,
1412 1884 1545 1941 aus
1586 1855 1719 1941 den
1750 1862 2259 1969 antiquitaeten
2282 1919 2307 1959 ,
2364 1884 2503 1943 nw-

543 2036 552 2043 -
593 1994 955 2064 numenten
974 2033 1006 2079 ‚
1045 1976 1429 2081 briefltcben
1472 1975 1993 2085 instrumnten,
2052 1978 2201 2061 und
2232 1980 2501 2063 binta-

569 2097 886 2209 stelligen
907 2098 1138 2187 MSS.
1157 2094 1539 2203 zusammen
1557 2098 1884 2205 gebracht
1898 2098 2049 2181 und
2058 2097 2505 2203 bescbrieben·

587 2220 786 2307 Pars
821 2217 1031 2305 haec
1070 2221 1350 2335 operis
1396 2215 1755 2305 secunda
1802 2220 1941 2327 est,
1986 2244 2069 2304 et
2094 2244 2357 2331 quem
2376 2220 2497 2302 vi·

587 2337 706 2445 di,
735 2337 1217 2427 chartaceus
1244 2336 1597 2451 quid-em
1618 2334 1894 2427 codex
1938 2340 2031 2427 in
2074 2333 2221 2431 fol.
2250 2338 2497 2425 Num

591 2485 786 2573 pars
821 2460 1146 2571 prima,
1202 2486 1425 2570 quae
1464 2460 1751 2572 priora
1818 2483 2013 2545 ante
2058 2457 2499 2546 Habsbur·

589 2579 834 2693 gicos
884 2578 1318 2692 Principes
1357 2601 1747 2692 tempora
1778 2580 2259 2671 narratione
2298 2606 2495 2693 per·
2540 2602 2563 2615 ·

591 2696 828 2810 sequi
918 2696 1214 2787 debuit
1249 2764 1278 2807 ,
1390 2724 1533 2785 aut
1628 2722 1737 2787 an
1818 2724 2169 2815 quoque
2250 2698 2498 2789 tertia

589 2814 1008 2928 quaedam
1047 2846 1241 2934 pars
1285 2814 1553 2932 reipsa
1587 2815 1888 2931 scripta
1912 2812 2213 2909 fuerit?
2254 2820 2514 2933 igno*

595 2960 782 3023 tum
821 2937 1032 3024 mihi
1096 2940 1231 3025 est.
1351 2938 1879 3050 Ceteroquin
1936 2937 2305 3026 studium
2356 2966 2501 3025 au-

599 3053 854 3144 &coris
894 3058 983 3145 in
1007 3084 1112 3146 eo
1151 3058 1667 3175 potissimum
1712 3056 2530 3147 commendandum*

596 3177 750 3282 est,
811 3177 1054 3290 quod
1093 3208 1270 3267 non
1315 3206 1509 3265 raro
1558 3178 1851 3267 litteris
1908 3177 2275 3292 publicis
2310 3206 2499 3265 nar-

593 3299 964 3391 rationes
1009 3296 1188 3389 suas
1235 3298 1721 3413 confirmet3
1791 3323 2317 3411 quamquam
2363 3296 2499 3383 his

331 3435 338 3446 ·
499 3422 505 3433 ‘
597 3416 1178 3507 deficientibus
1201 3477 1232 3523 ,-
1289 3419 1677 3510 ,aliorum
1754 3418 2005 3505 etiam
2060 3417 2503 3507 historico·

595 3555 794 3629 rum
863 3534 1284 3629 sententiis
1340 3532 1585 3627 facile
1606 3604 1638 3643 ,
1716 3562 1970 3655 atque
2042 3536 2211 3627 fine
2288 3538 2500 3631 iusta

595 3652 780 3749 fere
833 3676 1138 3772 ικριθειῳ
1195 3657 1692 3771 adquiescat.
2147 3716 2158 3724 -

777 3778 1018 3879 Quos
1039 3778 1516 3868 clarissimus
1555 3779 1689 3867 vir
1726 3776 2279 3869 ANDREAS
2322 3774 2503 3865 FE-

591 3898 798 3996 LIX
835 3897 1388 3997 OEFELIVS
1418 3926 1535 4047 fx
1570 3898 2092 3991 membranis
2132 3922 2217 3989 et
2266 3897 2504 4039 ομπ-

711 4102 720 4109 .
2270 4041 2377 4107 ns
