2742 4592
573 464 656 538 68
899 460 984 528 L.
1009 462 1062 527 Ι.
1091 456 1484 549 Setipt.hist.
1504 478 1693 549 prov.
1719 462 1935 527 Germ.
1958 458 2139 529 Aust.

579 720 638 761 „
713 648 884 739 dati
943 698 1027 713 —
1095 651 1203 737 de
1265 650 1513 765 gestis
1558 652 2082 741 Hunnorum
2152 674 2237 739 et
2272 654 2504 739 Ava-

584 840 644 881 „
709 798 1056 875 rorum,
1145 773 1573 859 Austriam
1654 804 1751 860 ea
1826 772 2306 887 tempestate
2376 796 2499 860 te·

380 977 386 985 .
516 936 523 942 ·
587 960 645 1001 „
709 892 1164 996 nentium,
1168 888 1599 1007 ,seripta,
1678 894 1733 979 si
1785 893 2283 1005 ubicunque
2344 890 2489 979 de-

583 1010 972 1243 Ιίιείὶξιίε
1007 1012 1096 1097 in
1131 1012 1416 1107 lucem
1456 1013 1911 1127 aliquando
1971 1012 2501 1129 protrahere·

575 1158 710 1221 tur
835 1158 881 1210 a

759 1252 1081 1337 Interea
1151 1248 1258 1337 ad
1318 1249 1763 1343 obscuram
1827 1254 2206 1358 illorum·
2256 1277 2495 1365 prae·

583 1373 1203 1482 teritorumque
1323 1387 1813 1488 tempo'rum
1880 1373 2231 1468 ,seriem
2318 1396 2497 1458 tan·

575 1491 826 1607 tisper
925 1490 1639 1613 collustrandum,
1757 1494 2067 1581 servire
2171 1490 2495 1581 debent

489 1701 496 1709 .
572 1614 878 1726 scripta
927 1609 1402 1721 sequentia:
1430 1608 1473 1725 ]
2606 1698 2631 1715 χ

760 1730 1208 1818 CAROLI
1298 1730 1424 1819 M·
1506 1732 1773 1847 Regis
1870 1729 1979 1818 ad
2062 1728 2493 1820 Fasiradam

581 1852 1041 1965 coniugem
1083 1846 1404 1957 epistola,
1464 1851 1571 1938 de
1615 1850 1966 1938 viEtoria
2014 1878 2239 1939 anno
2277 1877 2487 1963 791,

579 1969 792 2061 dum
855 1971 1221 2059 Hunnos
1261 1995 1344 2059 et
1398 1973 1774 2077 AvareS,
1838 1970 2311 2057 nostrarum
2359 1998 2488 2055 re-

497 2180 506 2189 ,
578 2092 942 2205 gionum
1047 2088 1585 2207 praedatores
1624 2157 1653 2196 ,
1750 2089 1860 2176 ad
1938 2088 2317 2178 Anasum
2402 2113 2493 2175 et

481 2266 493 2275 ·
583 2210 1077 2301 Chambum
1156 2212 1543 2299 Austriae
1640 2208 1945 2297 fluvios
2028 2208 2493 2325 turpissima

581 2330 820 2419 clade
888 2319 1319 2436 adfestos,
1380 2331 1599 2417 ultra
1656 2329 2252 2447 Arrabonem,
2333 2356 2491 2415 no-

583 2474 772 2537 tum
817 2447 1297 2541 Pannoniae
1327 2450 1699 2557 flumen,
1756 2448 2275 2567 profligaret.
2324 2448 2495 2537 Le-

579 2571 814 2685 gitur
855 2570 994 2659 illa
1049 2572 1142 2659 in
1207 2569 1304 2658 cl.
1386 2572 1561 2659 AN
1564 2568 1953 2661 DREAE
1996 2569 2113 2657 du
2162 2568 2493 2659 CHES·

581 2689 746 2780 NE
785 2686 1246 2799 scrqatoribus
1273 2696 1659 2777 coaetaneis
1698 2690 2025 2797 historiae
2050 2692 2496 2775 Francorum

575 2808 973 2899 Lutetiae
1037 2810 1540 2901 Parisiorum
1606 2810 1713 2901 ab
1780 2835 2004 2900 anno
2083 2839 2113 2896 1
2134 2815 2186 2897 6
2194 2816 2305 2924 3⁶
2382 2806 2499 2897 ad

471 2970 478 2982 ·
593 2933 818 3044 1649
889 2934 1142 3021 tomis
1214 2928 1322 3021 V.
1385 2932 1477 3021 in
1542 2926 1691 3022 fol.
1739 2928 2178 3046 evulgatis,
2244 2956 2491 3019 tomo

579 3052 673 3142 II.
735 3078 960 3169 page
1007 3082 1038 3139 1
1057 3069 1197 3167 87.

755 3170 1170 3288 Epistolae
1223 3172 1429 3263 huie
1494 3194 1773 3257 carmen
1832 3179 2071 3274 ροὲταε
2142 3164 2443 3251 Saxonis
2462 3230 2499 3271 ,

575 3289 722 3381 seu
795 3294 1226 3382 annalium
1286 3293 1398 3384 de
1448 3290 1699 3411 gestis
1772 3289 2063 3382 Caroli
2122 3284 2509 3493 Mxlsibri

667 3625 800 3711 (a)
843 3623 1198 3709 [Testatur
1248 3625 1561 3699 Hundius
1618 3628 1668 3695 1.
1710 3650 1767 3695 c.
1804 3646 1957 3715 pag.
2007 3645 2129 3711 302
2182 3622 2357 3691 hunc
2414 3620 2503 3689 li—

827 3734 1018 3802 brum
1041 3784 1066 3817 ,
1111 3730 1184 3802 in
1225 3736 1599 3805 membrana
1638 3728 1939 3823 scriptum
1964 3783 1993 3819 ,
2058 3754 2095 3803 a
2130 3732 2192 3802 se
2226 3730 2299 3801 in
2342 3748 2498 3799 arce

828 3842 1049 3911 Prunn
1091 3840 1178 3911 ad
1217 3843 1559 3913 Alttnilam
1608 3852 1976 3929 repertum,
2039 3854 2107 3909 et
2140 3835 2212 3905 in
2246 3832 2497 3903 biblio-

834 3951 1090 4017 thecam
1152 3950 1418 4022 Alberti
1483 3948 1797 4023 Bavariae
1846 3946 2051 4021 Ducis
2118 3965 2285 4014 anno
2337 3962 2503 4028 1575

839 4053 1090 4129 illatum
1129 4056 1392 4143 fuiffe.]
2224 4048 2231 4053 ⁴
