2742 4592
565 500 650 574 84
747 496 766 522 *
814 487 896 557 L.
947 489 1002 557 Ι.
1075 480 1313 573 Seript.
1355 480 1500 553 hist.
1546 500 1738 572 prov.
1800 483 2021 549 Germ.
2066 479 2247 550 Aust.

760 680 1045 789 Statum
1139 672 1798 766 RELIGIONIS
1842 742 1871 783 ,
1959 704 2177 791 quae
2246 682 2494 765 omni

573 826 842 889 aetate
935 802 1024 888 in
1144 798 1725 886 Archiducatu
1830 798 2237 909 ,Austriae
2336 797 2492 884 flo-

567 923 746 1008 ruit
791 989 818 1028 ,
934 944 1265 1037 praeter
1352 918 1599 1033 supra
1688 914 2105 1003 laudatam
2180 920 2265 1005 S.
2326 921 2493 1007 SE-

575 1040 974 1131 VERINI
1037 1040 1338 1143 vitam,
1404 1038 1513 1126 ab
1552 1034 2005 1124 EVGIPIO
2064 1034 2495 1154 scriptam,

573 1163 1281 1250 monasteriorum
1426 1158 1829 1243 chronica
1948 1150 2153 1244 alibi
2268 1182 2495 1268 parte

563 1282 1050 1400 praesertim
1129 1286 1368 1385 prima
1436 1276 1599 1363 suis
1644 1277 1896 1380 locis,
1964 1279 2133 1364 iam
2204 1304 2497 1367 recen-

573 1402 716 1490 fita
738 1470 765 1509 ,
829 1402 1292 1488 maximam
1351 1424 1681 1513 partem
1756 1420 2215 1521 exponunt.
2306 1402 2497 1489 Sin-

461 1592 466 1597 .
573 1522 928 1637 gulatim
997 1546 1283 1605 autem
1347 1518 1517 1604 huc
1576 1510 2000 1605 referendi
2072 1517 2257 1603 sunt
2302 1520 2498 1605 scri-

575 1636 861 1759 ptores
911 1640 1396 1753 sequentes:
1478 1638 1583 1725 R.
1665 1638 1749 1722 P.
1802 1636 2495 1730 ‘HIERONYMI

567 1762 780 1851 PEZ
867 1758 1316 1846 differtatio
1402 1754 1562 1875 (a)
1604 1757 1688 1841 de
1724 1760 1815 1839 iis
1866 1765 1991 1869 qui
2038 1754 2494 1870 christianam

567 1886 956 1993 religionem
1037 1890 1348 1987 primum
1406 1908 1479 1962 m
1550 1884 1682 1961 has
1737 1903 1907 1959 oras
1960 1884 2435 1986 importarunt
2468 1952 2497 1990 ‚

421 2004 428 2012 ’
562 2020 696 2087 aut
770 2010 1215 2107 importatum
1263 1996 1637 2105 studiosius
1688 2014 2201 2107 propagarunt.
2321 2004 2501 2089 Pri.

575 2150 773 2209 mos
851 2150 948 2208 ac
1038 2120 1544 2235 praecipuos
1636 2117 2073 2209 dumtaxat
2144 2120 2496 2210 dofflffi-

569 2270 762 2329 mus
819 2238 1111 2329 auetor
1153 2239 1546 2354 indagat,
1600 2236 2046 2353 statuitque
2112 2244 2499 2332 Austriae

573 2360 1048 2501 2139st0¹0⁵3
1085 2359 1463 2499 ‘explosa
1538 2356 1914 2499 fabulosa
1956 2390 2257 2501 eorum
2318 2368 2505 2507 up}-

569 2473 2501 2715 3333333333333530331333335123

583 2726 790 2809 dem
827 2718 1232 2807 habentes
1261 2780 1285 2818 ‚
1331 2722 1845 2808 existimant:
1884 2718 2210 2811 san'fitos
2272 2726 2505 2811 Mar·

424 2964 432 2971 ⁶
576 2870 776 2929 cum
829 2870 912 2929 et
953 2841 1282 2927 Lucam
1337 2840 1598 2929 fidem
1658 2840 1964 2929 Christi
2006 2844 2097 2929 in
2144 2843 2292 2932 has
2342 2872 2505 2932 ter-

2248 2993 2381 3055 ras

663 3274 787 3360 (a)
836 3274 1118 3357 [Huius
1165 3272 1665 3361 differtationiS‚
1712 3272 1945 3345 ordine
1986 3288 2301 3365 quartae,
2338 3280 2505 3367 scri-

817 3387 1081 3476 ptoribus
1105 3408 1290 3453 rerum
1346 3386 1758 3469 Austriacarum
1797 3382 2168 3481 praemissae
2216 3384 2507 3473 superio-

835 3515 905 3561 re
951 3490 1170 3580 capite
1213 3488 1647 3563 meminimus

649 3600 766 3686 (b)
811 3600 1062 3669 Versus
1105 3602 1246 3670 sunt
1289 3604 1669 3689 sequentes:

817 3754 860 3792 „
901 3712 1126 3801 Aspicis
1165 3714 1469 3801 exiguam,
1514 3735 1615 3778 nec
1656 3710 1843 3799 magni
1887 3712 2129 3778 nominis
2170 3716 2411 3794 urbem,¹

929 3868 984 3904 „
1025 3822 1214 3906 Quam
1258 3836 1443 3888 tamen
1466 3836 1733 3887 aeternus
1776 3834 1982 3900 curat,
2024 3836 2279 3909 amatque
2316 3828 2505 3889 Deus.

831 3970 878 4008 „
919 3930 1084 3993 Haec
1107 3930 1177 3993 de
1199 3930 1497 3997 Laureaco
1525 3930 1742 4019 reliqua
1773 3927 1867 4013 est:
1905 3930 1993 3995 bis
2028 3932 2277 3997 Marcus
2299 3931 2357 3997 in
2380 3932 2503 3997 oris

787 4056 798 4065 ·
901 4078 948 4115 ,‚
993 4040 1126 4102 Cum
1155 4038 1314 4101 Luca
1338 4086 1362 4121 .‚
1415 4038 1614 4124 Christi
1650 4041 1856 4129 dogma
1892 4038 2173 4131 profeffus
2216 4050 2364 4104 crat.
2394 4042 2495 4121 „J
