2742 4592
574 425 694 506 136
910 421 995 493 1..
1022 426 1075 493 1.
1105 422 1340 515 script.
1353 420 1499 493 hist.
1522 436 1709 511 prov.
1732 425 1949 493 Germ.
1972 422 2154 495 Aust.

571 615 1017 748 Denique,
1096 634 1409 731 quum
1446 616 1878 705 Carinthia
1932 617 2231 706 eadem
2296 616 2469 733 ple·

571 762 939 851 rumque
977 762 1178 823 cum
1255 737 1535 867 Styria
1592 738 2085 879 religionis
2113 733 2281 825 fata
2328 767 2469 827 ex-

577 882 813 973 perta
879 856 1019 944 fit:
1089 886 1268 945 non
1327 852 1699 962 alienum
1760 860 1963 963 erit,
2018 854 2471 975 scriptores

585 979 836 1065 etiam
895 976 1133 1083 illos,
1200 1002 1419 1091 quos
1464 974 1895 1093 superiore
1961 974 2214 1091 §.de
2280 980 2471 1093 Sty-

575 1044 1275 1309 Eksszfflff’
1319 1096 2493 1309 ῒῖἒζῖἔὲἫῑὲῖιῧ

575 1335 1310 1443 HANSIZIVM,
1433 1340 1862 1428 FRANC.
1982 1324 2473 1427 DVECKE-

417 1526 446 1557 .
575 1456 893 1564 RVM,
993 1402 1585 1550 IOSEP'HVM
1711 1458 2471 1566 MEZGERVM,

570 1576 948 1692 aliosque
1007 1578 1293 1667 sedulo
1337 1578 1883 1693 pervolvere,
1946 1603 2043 1665 ut
2090 1604 2307 1716 quae
2377 1581 2475 1667 in

577 1698 707 1785 his
738 1696 1110 1840 sparsim
1177 1696 1286 1785 de
1363 1699 1801 1816 religionis
1896 1700 2261 1827 negotiis
2344 1728 2475 1787 re·

573 1819 1089 1935 periuntur,
1177 1819 1656 1911 ordinatam
1755 1822 2073 1909 interea
2158 1823 2247 1906 in
2309 1818 2473 1907 hac

525 1941 918 2031 ,materia
980 1938 1409 2027 historiam
1472 1938 2085 2053 quadamtenus
2153 1938 2477 2054 supple·

571 2088 668 2149 re
725 2086 1062 2175 queant.
1149 2037 1529 2149 Laudari
1589 2083 2027 2177 praeterea
2097 2084 2475 2151 meretur

571 2182 1282 2297 manuscriptum,
1342 2178 1581 2293 quod
1627 2178 2047 2295 possideo,
2093 2226 2465 2297 cumam

570 2300 660 2387 in
702 2296 846 2391 fol.
901 2329 1078 2415 quo
1111 2300 1797 2393 ANONYMVS
1826 2298 2004 2389 aaa
2050 2304 2477 2415 quaedam

569 2412 1194 2509 reformationis
1264 2420 1795 2526 Carinthiae,
1874 2448 2033 2508 nee
2089 2450 2279 2511 non
2344 2420 2470 2507 vi·

579 2540 816 2628 cinae
874 2542 1246 2653 Styriae,
1339 2571 1441 2631 ac
1510 2541 1987 2633 Carnioliae
2059 2542 2169 2631 ab
2234 2568 2467 2632 anno

587 2683 812 2775 1599
873 2658 980 2748 ad
1060 2665 1332 2767 1601,
1428 2661 1819 2777 collegit,
1898 2659 2219 2751 insertis
2290 2690 2477 2761 non

421 2800 442 2810 ”
565 2780 837 2871 solum
923 2780 1436 2869 Archiducis
1526 2780 2043 2873 Ferdinandi
2157 2783 2479 2896 praeei-

405 2952 430 2961 =
573 2904 765 3021 puis
857 2900 1258 3007 decretiS,
1333 2924 1671 2991 verum
1726 2905 1983 2993 etiam
2050 2902 2227 2991 aliis
2288 2928 2473 2990 tam

573 3022 930 3111 statuum
983 3022 1521 3137 provinciae,
1588 3050 1847 3135 quam
1888 3022 2471 3113 ministrorum

476 3254 484 3263 κ
569 3142 1260 3260 evangelicorum
1321 3136 1451 3259 (α)
1506 3142 1826 3301 scriptis
1886 3141 2135 3231 ultro
2225 3145 2477 3231 citro·

2183 3290 2356 3383 que

667 3499 783 3585 (a)
831 3490 1170 3579 [Libenis
1206 3490 1548 3563 ministerii
1588 3490 1959 3582 evangelici
1978 3494 2483 3584 Clagenfurten-

835 3605 908 3673 lis
961 3599 1421 3690 subscripserez
1491 3602 1595 3670 M.
1660 3603 1948 3673 Adamus
1995 3606 2283 3687 Kolbius,
2348 3608 2471 3674 Pa-

828 3712 999 3795 stor,
1075 3700 1482 3783 Laurentius·
1550 3712 1859 3794 Maianis,
1937 3712 2045 3783 M.
2112 3710 2477 3783 Mauritius

805 3822 1120 3913 ⁴thllffmng
1143 3866 1168 3903 ,
1233 3820 1337 3888 Μ.
1418 3818 1705 3887 Adamus
1768 3824 2153 3907 Rumina-her,
2230 3806 2481 3909 Grego-

827 3928 966 3999 rius
1009 3930 1290 4016 Fafibang
1313 3977 1340 4013 ,
1412 3940 1479 4001 et
1545 3930 1654 4003 M.
1715 3926 2157 4021 Hieronymus
2216 3926 2479 4019 Megise-

825 4058 974 4123 πυ,
1013 4034 1326 4123 Retron]
