2742 4592
28 324 42 645 r
399 464 486 530 C.
529 461 620 529 11.
669 467 720 545 ς.
745 465 796 529 1.
818 458 1128 547 scriptor.
1172 456 1387 527 histor.
1422 456 1735 543 speciales
1778 452 1959 525 Aust.
2094 462 2173 539 85

241 680 370 741 ras
465 652 889 740 invexisse.
978 655 1083 741 R.
1177 653 1262 739 P.
1374 646 2167 739 BERTHOLDVS
2272 640 2279 647 ’

235 774 774 862 RIZELIVS
817 802 1169 887 quoque
1231 772 1797 866 brevissimam
1904 768 2177 857 differ-
2316 872 2323 878 .

235 898 652 981 tationem
677 962 704 1001 ,
769 922 1061 1006 quonam
1128 913 1429 1001 tempore
1486 910 1558 977 et
1608 922 1655 973 α
1698 892 1953 999 quibus
2004 886 2179 993 fidei

229 1016 664 1113 christianae
701 1018 920 1099 lumen
971 1024 1046 1099 in
1085 1022 1228 1097 oris
1289 1038 1475 1097 nunc
1553 1010 1958 1122 Austriacis
2005 1004 2165 1115 fue·

229 1143 338 1221 rit
427 1132 834 1237 accensum?
901 1138 1139 1250 operi
1227 1132 1419 1240 suo,
1494 1130 1733 1244 quod
1812 1128 2169 1231 Austriae

211 1251 516 1359 sanstae
569 1282 652 1339 ac
693 1256 938 1343 beatae
997 1258 1350 1341 nomine
1424 1254 1853 1367 Augustae
1937 1274 2159 1363 1750

229 1378 326 1461 in
397 1371 548 1463 fol.
611 1406 686 1469 c.
780 1378 986 1491 figg.
1071 1374 1397 1461 editum
1484 1375 1645 1479 est,
1757 1370 2169 1485 praefixit.

239 1496 697 1615 Proposuit
803 1498 960 1583 fibi
1065 1493 1421 1608 quidem
1540 1492 2068 1581 RIZELIVS
2140 1558 2168 1597 ,

231 1644 418 1707 non
461 1720 474 1735 ι
517 1618 964 1706 minimam
1059 1638 1391 1731 partem
1490 1614 1874 1699 historiae
1980 1610 2169 1702 reli·

231 1738 522 1852 gionis
615 1740 1096 1826 Austriacae
1181 1737 1271 1822 in
1344 1735 1623 1821 lucem
1714 1726 2100 1849 proferre
2140 1732 2223 1843 3⁴

235 1856 455 1943 dum
541 1857 730 1945 asta·
799 1886 881 1943 et
972 1858 1180 1943 vitas
1261 1852 1740 1943 sanfiiorum
1808 1878 2165 1954 eorum,

235 1978 394 2089 qui
455 2006 504 2063 a
577 1980 865 2095 primo
934 1978 1103 2063 iam
1199 1972 1401 2062 inde
1487 1972 1793 2063 Christi
1891 1969 2171 2059 saecu·

231 2096 324 2181 lo
409 2098 518 2183 ad
599 2100 818 2187 hanc
885 2122 1156 2209 usque
1222 2121 1575 2181 aetatem
1672 2120 1871 2181 cum
1996 2088 2185 2177 stre-

233 2242 410 2303 nue
479 2216 910 2306 exantlatis
977 2218 1070 2303 in
1119 2217 1364 2301 vinea
1429 2214 1788 2301 Domini
1852 2210 2157 2301 labori·

227 2335 452 2444 buS,
503 2362 686 2424 tum
737 2337 916 2423 aliis
973 2334 1415 2423 sanititatis
1472 2335 1664 2423 suae
1682 2396 1711 2439 ,
1776 2330 1987 2421 dum
2041 2333 2161 2417 vi·
2262 2334 2273 2357 “

227 2480 580 2565 vetent,
625 2457 926 2561 radiiS,
1007 2484 1236 2562 eam,
1327 2482 1589 2567 quam
1666 2478 1895 2543 nunc
1988 2452 2163 2539 Au·

229 2572 526 2662 striam
621 2574 1136 2691 adpellamus
1181 2642 1206 2679 ,
1287 2577 1737 2691 regionem
1830 2571 2171 2661 illustra·

231 2720 480 2800 runt,
544 2694 860 2784 adieaa
917 2723 1202 2780 rerum
1279 2694 1733 2783 dubiarum
1791 2688 1977 2781 erifi
2022 2688 2161 2781 de·-

229 2813 608 2931 scribere
671 2812 1096 2930 adgressus
1183 2812 1348 2901 est:
1433 2840 1807 2902 attamen
1838 2878 1869 2917 ,
1959 2814 2183 2901 evul-

233 2958 440 3049 gato
502 2932 936 3023 volumine
997 2936 1330 3049 prim0‚
1394 2935 1670 3025 nescio
1734 2960 1994 3045 quam
2046 2933 2161 3020 ob

235 3080 426 3139 rem
447 3052 508 3140 ?·
557 3082 908 3141 manum
976 3085 1023 3141 a
1092 3054 1372 3140 tabula
1443 3055 1834 3142 removit.
1932 3050 2041 3139 R.
2092 3054 2179 3141 P.

241 3172 750 3265 MARCVS
876 3174 1503 3277 HANSIZIVS
1550 3240 1580 3279 ,
1696 3176 1829 3261 vir
1944 3174 2186 3258 omni

229 3291 487 3380 laude
615 3294 894 3385 nostra
1029 3296 1301 3383 maior
1355 3360 1385 3398 ‚
1545 3291 1752 3378 dum
1888 3292 2185 3374 Germa-

229 3420 426 3495 m’am
489 3408 774 3519 sacram
856 3416 1196 3503 molitus
1267 3413 1421 3521 est,
1488 3408 1665 3527 (a)
1748 3439 1995 3499 tomo
2102 3414 2181 3517 1,

233 3532 674 3648 Augustae
751 3560 968 3649 1727
1059 3536 1148 3621 in
1231 3527 1376 3621 fol.
1462 3531 1911 3646 evulgatO,
2010 3558 2179 3616 me·

1153 3654 1224 3741 F
1290 3682 1339 3766 3
1875 3676 2043 3758 tro·

327 3848 449 3932 (a)
499 3844 714 3929 [vid.
755 3845 952 3935 partis
999 3846 1234 3938 prioris
1280 3852 1364 3920 L.
1404 3807 1535 3921 11..
1570 3854 1650 3921 C.
1680 3854 1735 3919 Ι.
1801 3846 1921 3919 ubi
1973 3850 2058 3917 de
2096 3864 2185 3918 to-

495 3958 811 4075 pographis
883 3958 1284 4046 generalibus·
1329 3958 1725 4069 Germaniae
1806 3956 2184 4033 Austriacae.

526 4068 848 4151 egimus]
945 4138 956 4147 ,
