2742 4592
625 417 754 486 224
850 403 937 473 L'·
980 392 1074 474 Π.
1119 405 1351 494 Script.
1400 406 1655 493 geneal.
1698 401 1871 490 Aug.
1914 409 2095 476 Dom.
2136 401 2305 475 Aust.
2412 463 2415 470 .

609 589 847 702 fhtiae
923 599 1244 709 Leudefii
1315 601 1632 684 Maioris
1679 601 1912 684 domus
1944 594 2184 708 fuerit
2246 589 2413 695 filius
2426 591 2465 672 ’ἒ

634 715 1075 806 subiuncta
1123 720 1238 806 est
1286 719 1423 805 vel
1481 746 1981 835 propterea,
2027 713 2257 832 quod
2292 738 2465 800 curn

630 837 1146 927 Eccardiana
1202 838 1601 928 sententia
1654 839 2168 930 concordare
2225 833 2473 923 videa·

627 983 786 1046 tur.
1462 1027 1471 1036 .

808 1081 980 1166 Iam
1052 1081 1156 1175 ad
1231 1083 1611 1197 primum
1662 1083 1754 1166 in
1802 1077 2285 1194 genealogia
2322 1075 2475 1160 Au·

625 1197 918 1286 striaca
953 1201 1276 1306 virum,
1324 1227 1577 1314 atque
1622 1204 1841 1288 inter
1885 1225 2249 1300 ceteros,
2282 1217 2474 1306 quos

625 1317 1071 1432 hucusque
1156 1349 1414 1407 enum
1428 1323 1847 1410 eravimus
1880 1387 1909 1426 ‚
1998 1319 2221 1406 velut
2283 1316 2477 1400 inter

627 1438 870 1553 ignes
943 1439 1192 1528 Luna
1281 1443 1657 1528 minores
1694 1509 1723 1546 ,
1808 1445 2315 1529 eminentem
2390 1429 2477 1516 el.

617 1557 1493 1660 MARQVARDVM
1532 1559 2253 1661 HERRGOTT,
2286 1551 2487 1642 ordi*

621 1680 755 1796 nis
810 1681 908 1765 Sss—
950 1679 1377 1769 Benediffi
1447 1683 2135 1798 congregationis
2189 1677 2267 1764 S.
2330 1673 2481 1761 Bla-

619 1797 735 1884 fii·
773 1801 1312 1914 capitularem
1334 1869 1363 1906 ,
1421 1830 1577 1888 ceu
1622 1797 2032 1892 materiae
2078 1800 2315 1887 huius
2344 1819 2485 1880 ter-

621 1922 954 2007 minum
995 1919 1565 2037 accedimus]
1624 1925 1968 2040 Scripfit
2007 1925 2077 2035 is
2124 1914 2487 2030 insignio-

620 2041 860 2127 ribus
948 2041 1423 2129 domesticis
1504 2043 1879 2131 subfidiis
1962 2037 2329 2133 suffilltus
2381 2057 2487 2140 ge·

610 2166 982 2270 nealogiam
1037 2165 1531 2268 diplmnaticam
1576 2163 1948 2273 Augustae
2000 2168 2233 2274 gentis
2262 2155 2490 2243 Habs-

616 2284 942 2390 burgicae
975 2350 1004 2387 ,
1105 2307 1272 2394 qua
1380 2289 1920 2374 continentur
2006 2310 2211 2372 vera
2290 2277 2489 2364 illius

621 2404 1018 2507 exordia,
1095 2404 1640 2517 antiquitates
1681 2471 1709 2509 ,
1796 2404 2487 2520 propagationeS,

619 2523 1146 2640 poffeffiones
1190 2548 1274 2610 et
1329 2529 1969 2640 praerogativae
2046 2522 2349 2610 chartis
2400 2539 2491 2600 ac

606 2643 1232 2758 ‚diplomatibus
1299 2649 1669 2732 maxima
1716 2669 1955 2760 parte
2008 2643 2290 2732 adhuc
2339 2639 2493 2724 ine-

584 2764 864 2890 .‘diti⁵³
911 2763 1221 2867 asserta,
1286 2760 1749 2876 [Excusum
1791 2767 1907 2852 est
1944 2765 2120 2852 hoc
2162 2766 2493 2849 immor-

615 2885 778 2972 tale
847 2911 1062 2998 opus
1136 2885 1519 2972 Viennae
1595 2910 1693 2998 17
1706 2913 1812 2999 37
1881 2886 2209 2974 volum.
2244 2877 2497 2969 tribus

619 3009 708 3093 in
749 3000 893 3092 fol.
951 3006 1240 3120 regali.
1361 3003 1791 3093 Dividitur
1842 3032 2131 3094 autem
2171 2997 2376 3089 illud
2414 2997 2496 3081 in

513 3143 522 3158 '
617 3147 824 3212 tomos
864 3129 1060 3232 duos,
1105 3153 1479 3238 quorum
1500 3135 1705 3232 prior
1732 3127 1971 3216 libris
2002 3126 2147 3230 fix
2162 3118 2499 3212 absolvi·
2568 3165 2573 3170 -

561 3295 564 3298 ·
617 3273 756 3334 tur
788 3314 817 3354 ,
899 3245 1213 3359 quibus
1314 3249 1967 3362 praemittuntur
2036 3248 2505 3352 prolegomena

618 3368 758 3456 seu
847 3366 1447 3454 dissertationes
1532 3367 2173 3482 praeliminares
2290 3357 2499 3448 οᾶο.

622 3490 780 3579 His
879 3487 1294 3574 accedunt
1433 3488 1762 3576 tabulae
1886 3489 2065 3576 aeri
2206 3477 2505 3588 incisae

621 3639 856 3698 num.
913 3610 1172 3695 XXII.
1237 3605 1550 3720 quibus
1610 3611 2157 3695 continentur
2222 3605 2509 3691 icones

608 3757 1033 3848 pagorum
1064 3752 1145 3814 et
1180 3729 1735 3820 comitatuum
1776 3730 2080 3817 veteris
2106 3727 2511 3815 Aleman-

615 3856 804 3942 niae
831 3919 858 3957 ‚
909 3876 1163 3967 atque
1193 3847 1731 3966 Burgundiae
1778 3851 2058 3938 Trans
2078 3896 2105 3910 -
2126 3848 2513 3944 luranae,

2234 3963 2395 4080 qui
