2742 4592
597 437 721 561 134
842 463 932 535 1..
955 465 1046 538 11.
1063 463 1309 554 Script-
1371 467 1630 556 geneal.
1668 465 1842 556 A'ug.
1904 469 2098 536 Doni.
2136 467 2322 538 Aust.

600 654 966 746 subsidio
987 725 1017 766 ,
1104 681 1186 745 et
1268 654 1759 748 adiumento
1839 657 2221 746 universa
2324 658 2507 746 eius

602 768 940 893 generis
1015 777 1403 866 historiae
1486 779 1871 894 cognitio
1958 780 2251 866 mutila
2341 779 2502 882 est,

475 910 488 924 ‘
609 920 695 983 et
750 891 1264 1018 imperfesta.
1382 899 2171 986 praetermittemus
2222 925 2509 985 autem

610 1013 720 1102 de
799 1009 1200 1106 industria
1277 1015 1660 1106 auctores
1727 1017 1960 1125 illos‘,
2038 1019 2232 1132 qui,
2295 1018 2509 1104 dum

607 1129 930 1226 tabulas
991 1138 1578 1254 genealogicas
1645 1137 1967 1252 publici
2028 1138 2231 1223 iuris
2288 1131 2508 1224 fece-

613 1281 865 1362 runt,
912 1257 1188 1345 obiter
1251 1255 1683 1345 dumtaxat
1710 1255 2255 1344 serenissimae
2298 1283 2505 1372 gen-

612 1379 718 1462 tis
774 1321 1258 1464 A’ustriacae
1311 1379 1925 1484 meminerunt,
1989 1361 2348 1489 illosque
2388 1375 2509 1462 so·

611 1497 793 1583 lum
833 1489 1520 1635 recensebimus,
1564 1495 1876 1609 quibus
1914 1497 2247 1584 Austria
2284 1499 2510 1609 prin·

605 1638 806 1730 ceps
867 1604 1292 1704 scribendi
1352 1618 1994 1706 incitamentum
2088 1611 2327 1702 fuiffe
2387 1617 2507 1702 vi·

611 1733 880 1822 detur.
997 1739 1334 1848 Atque,
1416 1759 1512 1824 ut
1569 1765 1618 1824 a
1672 1737 2195 1844 Bobenbergica
2252 1735 2503 1848 stirpe

609 1853 1087 1962 ordiamur,
1148 1859 1431 1971 primo
1471 1855 1665 1944 loco
1716 1851 2156 1977 occul-riu]
2212 1854 2505 1944 ANO·

607 1973 917 2068 NYMJ
945 1973 1064 2060 des
1109 1974 1691 2082 Hochffiblichsten
1710 1971 2209 2090 Kayfhrlicben
2252 1971 2503 2078 Hauſs

605 2120 747 2180 von
829 2091 1264 2200 Oesterreich
1325 2095 1680 2181 stammen
1693 2160 1720 2202 ,
1804 2097 1954 2179 und
2014 2095 2431 2201 Genealogia
2470 2159 2499 2199 ,

605 2207 847 2326 quod
927 2243 1179 2331 opus,
1257 2213 1986 2330 Babenbergicam
2087 2211 2492 2329 familiam

597 2331 872 2424 solum
955 2362 1151 2423 com
1214 2333 1525 2424 leciens
1572 2395 1604 2436 ‚
1684 2338 2156 2424 recentiore
2244 2359 2502 2425 manu

597 2451 1072 2570 scriptum,
1175 2453 1263 2569 a)
1343 2460 1563 2543 inter
1626 2455 1959 2548 codices
2053 2455 2502 2544 historicos

597 2569 1002 2690 profanos
1047 2572 1611 2668 bibliothecae
1645 2575 2115 2664 Caesareae
2194 2603 2275 2664 n.
2320 2595 2500 2686 435

605 2694 1045 2811 reperitur.

783 2808 1180 2926 [Eodem
1253 2813 1617 2929 pertinet
1673 2815 1914 2901 alius·
1966 2816 2144 2901 eius
2198 2753 2505 2902 biblio·

451 2915 464 2942 ’
609 2931 900 3022 thecae
940 2931 1220 3023 codex
1261 2962 1519 3021 manu
1582 2961 2003 3038 exaratuS,
2034 2935 2283 3036 inter
2328 2931 2505 3020 hist.

605 3047 828 3170 prof.
883 3082 964 3142 n.
1014 3079 1205 3166 320.
1284 3056 1423 3143 cui
1483 3055 1813 3142 titulus:
1888 3055 2215 3146 Veterum
2280 3055 2505 3136 Mar·

609 3175 914 3258 chionum
987 3193 1058 3256 et
1132 3175 1417 3256 Ducum
1492 3171 1840 3289 Aust-rme
1918 3191 2131 3282 atque
2218 3173 2509 3288 Styriae

523 3341 529 3347 ·
608 3293 1047 3402 genealogia,
1126 3296 1433 3407 partim
1490 3293 1736 3408 prosa
1810 3295 2241 3400 oratione,
2322 3317 2507 3405 par-

607 3415 762 3506 tim
830 3412 1247 3524 rhythmis
1303 3417 1857 3530 germanicis,
1942 3441 2204 3527 quem
2284 3411 2511 3498 HIE-

567 3534 887 3629 'RON.
968 3529 1613 3684 MEGISERVS
1706 3561 2078 3624 unacum
2182 3509 2506 3620 IOAN·
2572 3607 2579 3615 .

689 3955 806 4038 (a)
847 3955 1010 4035 [Seu
1049 3947 1266 4037 potius
1297 3949 1729 4038 descriptum3
1782 3947 2091 4042 quoniam
2126 3947 2197 4018 in
2236 3951 2368 4018 fine
2404 3945 2508 4016 di·

857 4059 1072 4144 citur,
1115 4059 1399 4158 Bastieae
1456 4057 1817 4148 impreffum
1866 4055 2129 4142 fuiffe.]
