2742 4592
35 1006 42 1173 ᾧ

37 1190 41 1407 ⁵

37 1614 40 1627 l

373 459 460 526 c.
501 459 594 532 11.
620 463 678 540 ς
713 449 872 526 vn.
899 452 1130 546 Seript.
1153 450 1294 552 hist.
1317 412 1576 602 spe'em.
1617 451 1796 522 Aust
1834 433 1962 524 int.
2044 469 2165 540 ιη

258 649 532 738 veteri
593 672 768 738 tam
854 643 1395 738 ecclesiastico
1484 673 1747 760 quam
1811 645 2167 762 politico
2328 743 2333 754 ,

267 771 748 862 Comitatus
799 767 1006 855 statu
1047 767 1156 854 ab
1196 793 1421 853 anno
1479 774 1699 880 1306
1749 767 1859 856 ad
1912 789 2163 879 1500.

264 893 602 1007 agitur,
658 913 897 1003 parte
925 895 1164 992 prima
1230 885 1569 973 historia
1635 885 1807 1003 ipsa
1870 915 1921 976 a
1984 889 2168 976 Ma-

261 1008 704 1098 ximiliano
751 1008 808 1094 1.
874 1008 1102 1123 Aug.
1168 1007 1278 1110 ad
1325 1033 1587 1120 quem
1627 1033 1847 1096 anno
1912 1031 2167 1120 1500.

265 1126 758 1218 Goritienfis
825 1125 1333 1216 ‘Comitatus
1426 1123 1869 1216 devolutus
1950 1121 2165 1228 fuit,

264 1249 378 1338 ad
427 1274 748 1335 annum
822 1274 853 1332 1
873 1251 1044 1332 600
1094 1246 1619 1363 pragmatica·
1677 1271 2157 1337 enarratur·
2134 1309 2165 1360 ,

263 1369 671 1511 bellaque
719 1367 878 1454 hac
937 1391 1199 1456 aetate
1277 1393 1475 1453 cum
1530 1365 1879 1456 Venetis
1940 1365 2169 1484 gesta

195 1493 358 1604 in
417 1487 717 1602 primis
777 1485 1171 1578 adcurate
1234 1483 1881 1574 describuntur·
1840 1549 1881 1601 ‚.
1926 1511 2167 1605 parte

243 1605 556 1720 secunda
621 1605 1260 1722 gubernationis
1315 1604 1583 1694 civilis
1642 1608 1905 1714 ratio,
1950 1605 2171 1694 iusti-

267 1733 438 1820 tiae
479 1725 1178 1816 administrandae
1237 1724 1506 1828 ord0,
1562 1726 1883 1815 reditus
1937 1727 2170 1842 Prin7
2254 1753 2260 1761 ·

267 1851 524 1964 cipis,
570 1845 855 1933 eccles
861 1847 1101 1936 astica
1142 1791 1638 1951 iurisdifilbio,
1678 1845 1957 1952 bona,
2000 1846 2171 1935 col·

261 1970 490 2084 legia
511 1963 938 2081 religiosa,
954 1992 1206 2081 atque
1229 1965 1387 2054 alia
1410 1967 1585 2052 eius
1603 1969 1940 2082 generis
1962 1964 2172 2053 dilu-

264 2089 464 2178 cide
539 2110 1110 2226 exponuntur,
1152 2085 1536 2173 virorum
1574 2085 1928 2174 demum
1990 2086 2171 2172 illu·

263 2209 614 2312 strium,
683 2205 834 2316 qui
894 2203 1216 2295 saeculo
1279 2206 1486 2294 XVI
1543 2203 1954 2311 floruere,
1996 2233 2173 2294 me·

261 2330 600 2422 moriae
657 2323 1032 2414 distinam
1093 2323 1208 2414 ob
1259 2327 1554 2414 oculos
1608 2352 2067 2442 ponuntur.

443 2427 1079 2546 AQVILEIAE
1173 2449 1628 2560 omnisque
1739 2447 2175 2536 circumia-

273 2567 546 2657 centis
627 2563 1021 2654 dioecesis
1103 2565 1578 2673 historiam,
1682 2566 2173 2683 praesertim

261 2688 590 2778 sacram
659 2713 742 2774 et
802 2684 1089 2774 eccles
1093 2687 1468 2788 asticam
1514 2687 1682 2774 iam
1732 2689 1935 2778 alibi
2003 2688 2173 2775 lau-

263 2809 562 2910 datuS,
649 2803 1156 2896 doffiffimus
1213 2807 1308 2894 F.
1370 2806 1524 2894 ΙΟ.·
1570 2807 2175 2900 FRANCISC.

261 2870 598 3018 BERN.
667 2925 1052 3016 MARIA
1153 2925 1261 3014 de
1335 2925 1775 3035 RVBEIS,
1862 2931 2177 3047 postea·

269 3073 540 3160 quam
599 3045 820 3134 edita
877 3051 1112 3163 prius
1172 3047 1549 3134 Venetiis
1632 3075 1857 3138 anno
1948 3076 2046 3163 17
2058 3073 2171 3160 32

267 3163 884 3274 dissertatione,
945 3165 1511 3289 Aquileiensis
1554 3168 1941 3261 historiae
1992 3195 2177 3286 par-

268 3313 496 3390 tem,
555 3313 775 3400 quae
837 3287 1020 3403 post
1079 3264 1463 3376 'medium
1540 3286 1791 3397 sexti,
1853 3288 1960 3381 ad
2018 3289 2173 3383 ini-

269 3409 389 3494 tia
459 3405 764 3495 saeculi
799 3407 1008 3494 noni
1080 3411 1497 3510 excurrit,
1560 3411 1913 3502 meliore
1946 3410 2168 3498 sorte

271 3525 558 3641 digeri
637 3554 738 3613 ac
839 3526 1283 3622 dilucidari
1367 3525 1599 3642 poss‘e
1630 3595 1657 3633 ,
1745 3523 2160 3630 ostendit,

269 3673 592 3760 magna
647 3644 1045 3734 industria
1055 3713 1092 3758 ,
1161 3647 1521 3764 parique
1580 3652 1961 3754 veritatis,
2014 3647 2169 3734 stu·-

269 3764 422 3852 dio
495 3766 1068 3857 elucubratam
1090 3831 1122 3873 ,
1217 3766 1412 3856 orbi
1498 3769 1855 3860 litterato
1937 3766 2177 3858 dedit

387 3915 552 3986 Bm.
593 3918 788 4000 cm.
829 3915 986 4003 Aust.
1026 3923 1092 3986 ι».
1129 3917 1218 3988 n.
1276 3883 1383 3977 M
1717 3889 2049 4010 Argen·
2146 3979 2153 3987 .
