2742 4592
708 461 792 528 C.
822 461 877 528 1.
902 453 1215 545 Scriptor.
1231 409 1448 528 histor.
1469 461 1758 546 general.
2117 479 2198 546 39

294 677 467 763 quo
553 647 911 736 demum
1008 647 1275 736 modo
1385 645 1775 767 proferre
1859 655 2196 741 conten·

289 773 521 856 dunt.
649 773 871 858 Sunt
954 797 1235 858 autem
1326 769 1578 858 huius
1643 772 1968 862 ordinis
2052 801 2202 889 po-

288 891 739 994 tiffimum,
802 916 1020 1001 quae
1078 889 1552 1008 sequnturz]

462 1013 573 1098 R.
657 1013 745 1098 P.
813 1009 1460 1101 PHILIBERTI
1535 1011 1989 1102 HVEBER
2047 1018 2212 1102 Au·

260 1132 464 1243 stria
512 1159 603 1216 ex
669 1134 987 1214 archivis
1076 1134 1574 1218 Memcenfzbus
1645 1134 2004 1242 illustrata
2063 1133 2208 1222 Li-

280 1253 501 1368 pfiae
562 1253 899 1363 1722in
942 1245 1154 1341 folio
1200 1281 1271 1340 c.
1318 1254 1522 1369 figg.
1589 1255 1909 1343 excusa.
1979 1257 2203 1343 Con-

280 1378 493 1460 tinet
556 1400 771 1460 vero
854 1373 1103 1459 huius
1132 1440 1162 1479 ,
1234 1371 1341 1460 ad
1407 1374 1834 1464 historiam
1887 1379 2206 1490 patriae

280 1491 971 1613 cognoscendam
1012 1493 1420 1580 utiliffimi.
1452 1497 1730 1610 operis
1767 1493 1898 1612 (a)
1950 1499 2121 1582 liber
2149 1499 2208 1582 J.

274 1619 589 1701 nucleum
671 1615 981 1720 historico
1002 1659 1028 1676 ·
1049 1617 1542 1724 genealogicum
1585 1679 1610 1718 ,
1691 1617 2128 1726 diplomatum
2179 1680 2208 1716 ‚

284 1737 818 1838 chartarum,
902 1733 1556 1851 privilegiorum
1582 1802 1612 1841 ,
1692 1762 1776 1824 et
1847 1737 2212 1858 aliorum

278 1853 711 1943 eiusmodi
778 1879 1163 1940 veterum
1242 1870 2029 1960 monumentorum,
2077 1855 2210 1971 (b)

278 2003 485 2063 cum
548 1974 835 2060 multis
906 1976 1257 2090 integris
1327 1967 1874 2068 archivorum
1937 1975 2242 2064 Melli-·

276 2097 541 2184 censis
588 2095 1067 2182 monasterii
1121 2094 1426 2186 tabulis
1448 2163 1478 2202 ,
1536 2124 1644 2183 ex
1689 2095 2006 2212 quibus
2055 2099 2209 2180 Ro·

274 2245 642 2304 manorum
718 2212 1137 2316 Pontificum
1152 2283 1180 2321 ‚
1245 2223 1638 2324 principum
1657 2281 1688 2321 ,
1725 2218 2039 2304 nobilium
2085 2211 2217 2323 fa-

275 2341 633 2422 miliarum
668 2402 699 2442 ,
778 2330 1150 2438 sacrorum
1253 2333 1685 2444 Antistitum
1789 2335 2138 2445 Austriae
2185 2399 2212 2434 ‚

274 2465 815 2565 vicinarumque
878 2461 1414 2566 provinciqrum
1509 2483 1642 2544 res
1741 2458 2210 2574 plurimum

270 2579 807 2666 illustrantur.
876 2576 1303 2664 'Veterum
1349 2579 1696 2666 istorum
1740 2577 2200 2666 documen-

277 2725 573 2787 torum
638 2699 774 2784 vel
816 2699 1346 2810 integrorum
1393 2697 1528 2784 vel
1567 2723 2196 2811 excerptorum,

272 2823 665 2936 primum
708 2815 895 2903 sane
948 2843 1177 2902 nunc
1222 2847 1325 2906 ex
1362 2817 1861 2904 authenticis
1917 2843 2208 2906 exem·

272 2939 661 3056 pluribus
729 2938 1152 3023 editorum
1189 3004 1218 3044 ,
1315 2937 1502 3024 sunt
1596 2939 1932 3025 circiter
2005 2961 2210 3048 724.

274 3086 663 3174 quorum
738 3061 1117 3172 primum
1211 3058 1319 3144 ab
1407 3055 1750 3146 Ernesto
1818 3057 2256 3146 Austriae-

634 3251 641 3258 .
1138 3175 1210 3264 C
1861 3175 2098 3264 Mar-

366 3296 489 3379 (a)
560 3287 775 3376 [Vid.
842 3294 967 3358 aflet
1010 3205 1361 3358 eruditura!
1423 3291 1754 3380 publicata
1797 3289 2058 3377 Lipsiae
2111 3311 2216 3356 ca-

530 3399 712 3467 lend.
755 3403 901 3466 Iun.
945 3423 981 3466 a
1028 3419 1185 3484 1722
1228 3421 1374 3488 pag.
1419 3415 1563 3486 283.
1623 3397 1782 3468 item
1849 3397 2195 3466 MARTI-

526 3513 633 3578 NI
710 3511 1060 3578 KROPFF
1136 3507 1472 3577 bibliotheca
1540 3505 1895 3596 Mellicenfis
1971 3501 2040 3571 in
2113 3501 2218 3571 vi·

531 3627 598 3684 ta
656 3618 739 3688 cl.
806 3617 1214 3687 HVEBERI
1302 3637 1446 3703 cap.
1532 3620 1670 3686 106.
1731 3637 1878 3702 pag.
1941 3635 2084 3700 530.
2151 3626 2218 3680 et

356 3807 481 3893 (b)
522 3722 643 3876 1¹33
646 3745 1123 3878 qc‘ommunibus
1166 3796 1460 3876 formulis
1495 3807 1699 3874 moles
1742 3799 1962 3893 operis
2010 3799 2204 3907 inuti-

534 3913 691 3982 liter
727 3932 1107 4002 augeretur,
1149 3919 1297 3984 data
1341 3937 1536 4003 opera
1579 3935 1714 3982 non
1755 3911 1968 3982 omnia
2019 3927 2201 3986 vete·

534 4043 606 4090 ra
644 4023 805 4094 haec
846 4037 1259 4096 monumenta
1302 4023 1558 4114 integra
1611 4022 1752 4091 sunt
1781 4019 2132 4107 exhibita]
