2742 4592
258 467 345 536 c.
430 463 483 538 1.
526 457 766 551 Script.
795 453 939 528 hist.
1002 467 1185 550 gent.
1225 455 1390 530 Bab.
1409 465 1476 528 et
1506 417 1727 528 Ἠὼς.
1757 473 1982 546 gener.
2045 476 2170 542 239

264 681 509 756 naret
568 655 801 758 luce,
863 678 1082 766 quos
1144 653 1313 742 iam
1375 651 1617 758 alibi,
1678 673 1915 767 parte
1973 649 2180 741 scili·

268 803 409 866 cet
436 775 1009 864 bibliothecae
1046 775 1371 862 nostrae
1401 800 1568 861 tam
1595 773 1870 887 prima
1909 799 2174 885 quam

268 899 435 988 hnc
496 893 885 1001 secunda,
942 894 1153 982 locis
1191 891 1996 984 suis-recensuimus.

440 1015 961 1104 ALBERTI
1038 1015 1145 1102 L.
1231 1015 1315 1102 B.
1400 1014 1507 1102 de
1589 1013 2172 1100 BONSTET-

262 1137 567 1242 TEN,
629 1135 951 1222 Decani
994 1134 1339 1250 insignis
1386 1133 1556 1222 loci
1601 1135 2172 1240 eremitarum,

257 1257 471 1348 sacri
556 1255 1134 1376 Lateranenfis
1218 1255 1505 1368 palatii
1571 1277 1652 1340 et
1710 1255 2172 1370 Imperialis

256 1378 498 1468 aulae
570 1377 933 1464 Comitis
1002 1377 1398 1483 Palatini,
1467 1401 1639 1481 ¹mc
1725 1404 1903 1464 non
1966 1378 2172 1464 Cae-

254 1498 455 1588 saris
534 1497 1101 1584 Maximiliani
1202 1498 1256 1584 l.
1334 1495 1797 1609 capellani,
1877 1495 2170 1599 historia

259 1617 711 1720 Austriaca,
760 1617 868 1706 ab
920 1617 1235 1707 ultimis
1274 1618 1549 1732 gentis
1592 1617 1848 1727 initiis
1892 1643 2168 1731 usque

262 1738 375 1827 ad
418 1738 899 1853 Philippum
945 1737 1448 1842 Pulchrum,
1509 1737 2073 1826 Maximiliani
2113 1739 2169 1825 1.

246 1861 577 1962 filium,
630 1863 853 1946 circa
914 1885 1236 1946 annum
1313 1883 1564 1968 1491.
1627 1856 1978 1970 scripta„
2024 1884 2162 1943 ex-

164 2061 181 2092 ,
256 1981 411 2067 stat
453 1981 545 2064 in
596 1978 1109 2065 bibliotheca
1156 1977 1600 2085 Caesarea,
1663 1976 1960 2066 codice
1981 1977 2167 2065 MS.

255 2091 733 2186 membran.
798 2102 1012 2187 inter
1035 2098 1316 2185 histor.
1337 2097 1636 2185 latinos
1660 2096 1870 2184 olim
1891 2127 1972 2185 n.
2003 2129 2034 2185 1
2053 2127 2106 2212 9
2125 2125 2156 2184 1

264 2246 509 2306 nunc
533 2249 738 2306 vero
764 2248 845 2307 n.
871 2225 1069 2333 699.
1096 2217 1581 2306 Inscnibitur
1599 2217 1808 2306 haec
1839 2218 2178 2306 historia

255 2339 369 2428 ab
437 2336 831 2444 auclore,
918 2340 1071 2454 qui
1134 2363 1492 2424 exeunte
1572 2335 1897 2428 saeculo
1975 2339 2168 2426 XV.

256 2462 639 2567 vixerat,
727 2461 1039 2549 Carolo
1122 2459 1336 2546 Vlll.
1400 2459 1862 2548 Galliarum
1921 2462 2172 2580 Regi.

255 2575 662 2667 Edendae
722 2609 929 2668 vero
1014 2580 1235 2666 illius
1311 2577 1545 2696 spem
1621 2575 1937 2670 fecerat
1996 2605 2194 2686 tam,

256 2701 679 2788 Lambecius
755 2702 848 2788 in
927 2699 1335 2818 promiss‘o
1423 2697 1863 2811 syntagmate
1924 2729 2170 2786 rerum

266 2825 875 2924 Germanicarum,
943 2848 1201 2935 quam
1266 2817 1606 2930 Neſjeeius
1672 2823 1762 2909 in
1817 2822 2178 2937 sciagra-

254 2941 458 3057 phin
495 2957 735 3051 magni
784 2949 1084 3049 corporis
1132 2939 1474 3052 historici3
1537 2939 1676 3027 sed
1724 2941 1825 3028 cl.
1926 2947 2174 3025 Genti-

256 3065 479 3147 lottus
504 3051 597 3148 ih
617 3069 1107 3148 commentariis
1128 3061 1289 3148 suis
1314 3057 1535 3149 MSS
1561 3060 1693 3154 .de
1726 3059 2174 3148 bibliothe-

256 3211 357 3272 ca
406 3182 854 3288 Caesarea,
897 3187 1083 3271 iure
1128 3183 1611 3294 meritoque
1633 3182 2011 3270 testatum
2059 3176 2174 3268 fa-

254 3307 417 3392 cit:
475 3303 587 3391 ab
650 3303 993 3392 auclore
1032 3304 1321 3408 multa,
1369 3304 1612 3389 initio
1655 3301 2169 3416 praesertim,

258 3448 683 3541 perquam
742 3421 1117 3512 fabulosa
1177 3425 1543 3538 narrari3
1605 3424 1918 3536 illaque
1977 3448 2174 3535 pau-

256 3556 357 3633 ca
380 3613 408 3651 ‚
455 3571 675 3657 quae
716 3574 917 3634 vera
956 3539 1484 3649 referuntur,
1548 3569 1656 3631 ex
1702 3539 2172 3640 AENEAE

252 3666 641 3755 SYLVII
699 3665 987 3777 btstoria
1050 3665 1398 3754 Fridericz·
1457 3667 1626 3758 III..
1649 3689 1736 3756 et
1807 3664 2174 3752 Bohemica

208 3798 223 3818 ,
380 3861 398 3884 ι
1017 3819 1025 3828 ,
1913 3808 2062 3900 Ρο-
