2742 4592
587 358 726 468 1'94
847 377 934 448 L.
975 375 1066 444 ΙΙ.
1110 372 1350 464 script.
1394 377 1652 464 geneal.
1696 378 1867 465 Aug.
1906 380 2156 448 Domus
2200 379 2385 450 Aust.

585 595 868 782 {azia
913 569 2143 803 ἓξὲᾏᾞὶἒὲφὲῖωΜὲἳ-ῗὲι
2156 575 2493 809 ἳὲἑὲἶὲ

593 811 936 928 insignis
995 803 1315 914 fuerat,
1378 808 1860 915 exorditur,
1920 836 2004 897 et
2038 812 2131 900 in
2169 814 2499 902 Rudol-

587 935 766 1052 pho
827 935 884 1021 Ι.
945 928 1294 1018 Caesare
1357 929 1715 1034 claudit,
1798 934 2219 1044 reperitur
2267 936 2491 1021 inter

587 1053 924 1144 codices
979 1051 1229 1140 MSS.
1291 1051 1567 1138 histor.
1629 1045 1853 1165 prof.
1915 1050 2489 1143 bibliothecae

584 1171 1078 1281 Caesareae,
1119 1174 1208 1256 in
1257 1170 1757 1260 membrana
1809 1199 2166 1281 exarata,
2212 1205 2296 1262 n.
2344 1199 2487 1287 54.

584 1298 673 1382 in
732 1289 878 1380 fol.
939 1329 1040 1348 -··
1101 1288 1560 1405 [DIDACI
1620 1293 1727 1379 de
1785 1291 2298 1392 LEQVILE
2358 1291 2489 1409 (a)

581 1417 668 1502 de
723 1417 932 1498 rebus
1021 1409 1434 1523 Austriacis
1493 1415 1711 1502 tomi
1768 1437 1939 1500 tres
2020 1416 2489 1533 Oeniponti

596 1538 843 1624 1660.
907 1538 1000 1624 in
1067 1529 1213 1621 fol.
1263 1560 1334 1620 c.
1398 1528 1609 1650 figg.¹
1660 1531 1937 1624 excusi
2022 1537 2191 1624 huc
2272 1561 2485 1649 quo·

583 1683 752 1770 que
814 1655 1118 1745 referri
1177 1651 1515 1743 debent.
1640 1659 2185 1769 Quamquam
2247 1657 2483 1744 enim

581 1774 875 1866 auctor
957 1778 1357 1892 pietatem
1447 1777 1971 1864 Austriacam
2029 1805 2234 1892 prae
2294 1775 2485 1878 reli-

582 1900 774 2012 quis
863 1897 1021 1986 fibi
1082 1893 1600 2012 proposuiss'e
1681 1893 2064 1985 videatur
2088 1963 2117 2002 ,
2196 1921 2485 2010 tamen

585 2021 874 2106 omnia
929 2019 1239 2134 pariter
1297 2017 1439 2104 illa
1509 2016 1911 2133 congessit
1930 2084 1959 2123 ,
2022 2045 2244 2131 quae
2304 2019 2481 2104 Au·

587 2139 870 2254 gustae
930 2140 1205 2256 gentis
1292 2137 1884 2254 genealogiam
1906 2201 1937 2242 ,
2023 2137 2493 2254 sanguinis-e

583 2283 757 2372 que
795 2287 1146 2346 nexum
1235 2285 1437 2347 cum
1514 2259 1817 2345 Domo·
1868 2258 2295 2351 Borbonia
2358 2257 2485 2344 ob

593 2377 887 2468 oculos
955 2403 1310 2494 ponunt.
1484 2380 1775 2492 Atque
1848 2377 1991 2466 hic
2077 2377 2295 2469 liber
2356 2407 2490 2477 taz

581 2501 824 2588 ritate
883 2497 1240 2612 quidem
1321 2498 1469 2610 'sua
1545 2496 1628 2585 se
1710 2498 2254 2586 commendat
2275 2562 2306 2603 ,
2392 2523 2477 2586 et

579 2620 844 2706 multa
919 2621 1296 2705 continet
1348 2619 1842 2734 peculiaria,
1952 2646 2169 2732 quae
2236 2613 2479 2706 farni-

580 2741 762 2848 liae⁸
799 2737 1447 2858 Habsburgicae
1510 2737 1941 2826 historiam
2020 2737 2473 2826 illustrant:

579 2884 943 2975 attamen
1005 2859 1213 2983 iusto
1260 2856 1561 2947 ordine
1602 2859 2118 2964 destituitur,
2180 2883 2265 2948 et
2292 2858 2479 2973 plu-

580 2978 818 3068 ribus
887 2982 980 3066 in
1063 2980 1270 3069 locis
1296 3047 1325 3085 ,
1404 3006 1695 3066 rerum
1784 2980 2203 3096 gestarum
2285 2976 2479 3066 scri-

577 3101 806 3218 ptori
850 3123 1286 3214 tantopere
1327 3097 1771 3188 necess‘aria
1789 3169 1818 3204 ,
1863 3099 2103 3187 abest‘
2132 3110 2482 3208 ακριβιια.

577 3259 694 3288 --
755 3223 850 3308 ln
907 3221 1071 3308 alio
1163 3247 1516 3334 quoque
1598 3247 1858 3334 opere
1939 3219 2143 3327 hoc¹
2186 3217 2479 3366 titulo:

659 3575 817 3660 (a)
901 3573 1195 3656 [Verum
1261 3573 1540 3643 auiioris
1596 3591 1835 3643 nomen
1878 3571 2002 3640 est:
2070 3573 2481 3644 DIDACVS

821 3667 1197 3752 TAFVRI‘.
1283 3683 1459 3750 Nam
1522 3703 1558 3750 a
1618 3679 1825 3770 patria
1867 3681 1973 3748 sua
2038 3681 2301 3769 Leqm‘lis
2370 3683 2486 3750 seu

831 3789 1100 3878 Αᾳιιίιίε,
1161 3782 1541 3876 provinciae
1605 3787 2064 3879 Hydruntinae
2115 3783 2187 3856 in
2230 3787 2489 3878 Apulia

577 3895 601 3918 '⁸
751 3951 756 3956 .
827 3893 1071 3984 oppido
1100 3946 1122 3982 ,
1179 3917 1539 3986 cognomen
1580 3894 1855 3969 adscivit
1894 3897 2093 3966 suum.
2134 3899 2167 3980 ]
