2742 4592
647 414 788 517 '1⁸0
951 434 1036 507 1.;
1093 436 1151 507 1.
1186 418 1421 527 s'cript.
1458 432 1602 513 hist.
1642 454 1835 526 prov.
1876 438 2089 509 earm.
2137 438 2309 509 Aust.

662 636 894 738 rica„
927 658 1034 721 ex
1079 629 1583 746 necrologio
1641 632 1827 721 MS.
1872 631 2123 749 paulo
2162 658 2345 720 ante
2383 629 2525 718 lau·

665 752 886 841 dato.
967 796 1090 816 --
1141 752 1458 865 Neque
1516 751 1882 840 alienum
1964 753 2341 859 videtur,
2412 778 2525 839 eo·

559 946 576 953 -
627 884 863 991 'rum
920 900 1274 987 quoque
1355 872 1526 957 hoc
1604 873 1797 960 loco
1861 875 2370 961 mentionem
2432 866 2526 957 fa·

673 1020 908 1097 cere,
971 1016 1189 1105 quos
1233 991 1330 1077 cl.
1375 990 1811 1099 RVBEIS,
1872 995 1965 1081 in
2000 992 2253 1081 rebus
2294 992 2529 1105 Aqui-

665 1107 1136 1203 leienfibus'
1167 1110 1707 1214 illustrandis,
1771 1115 1979 1202 olim
2022 1141 2221 1201 eum
2262 1112 2528 1227 infigni

657 1236 1030 1323 nominis
1132 1228 1450 1349 gloria,
1496 1236 1810 1348 pariter
1891 1229 2307 1353 desudaffe'
2332 1299 2360 1338 ,
2444 1258 2527 1318 ac

464 1390 476 1397 ·
645 1355 814 1441 'fibi
850 1357 1082 1442 viam
1127 1353 1387 1441 veluti
1423 1352 2152 1467 praemonstrass‘e,
2200 1356 2289 1441 in
2328 1380 2530 1469 prae-

607 1471 974 1563 'fatione
1046 1474 1196 1563 suo
1269 1476 1516 1589 operi
1601 1473 2092 1588 praemissa,
2192 1478 2530 1591 ingenue

659 1590 1072 1685 confessus
1158 1594 1291 1681 est.
1436 1596 1652 1682 Sunt
1726 1617 2020 1683 autem
2080 1593 2525 1709 sequentes:

659 1714 1169 1805 IOANNES
1235 1715 1827 1803 CANDIDVS
1850 1782 1877 1821 ,
1940 1717 2334 1829 patricius
2371 1708 2527 1800 Vti-

625 1836 922 1945 *nensis
942 1902 971 1943 ,
1035 1837 1188 1948 qui
1245 1857 1632 1922 veterum
1692 1834 2181 1951 praesertim
2230 1833 2528 1923 chroni-

653 1986 957 2049 corum
988 1957 1232 2043 MSS.
1259 1953 1634 2043 adhibita
1669 1954 1864 2060 fide,
1902 1951 2362 2067 Aquileienses
2386 1978 2531 2037 com·

651 2084 1028 2165 memdrios
1089 2098 1541 2163 contexere
1580 2070 2006 2191 adgressus
2064 2076 2225 2183 est,
2271 2100 2355 2162 et
2389 2075 2531 2159 Vc·-

654 2200 900 2289 netiis
991 2223 1216 2284 anno
1310 2218 1524 2307 1521
1614 2194 1941 2309 publici
2021 2196 2231 2285 iuris
2303 2190 2527 2305 fecit3

652 2342 838 2405 tum
871 2316 1320 2407 FERDlN.
1382 2314 2019 2405 VGHEELVS
2039 2383 2071 2423 ,
2118 2317 2269 2431 qui
2316 2340 2529 2403 tomo

651 2440 760 2525 V.
825 2440 1077 2523 Italiae
1135 2430 1390 2541 fharoe
1444 2434 1781 2524 Romae
1850 2439 2015 2547 165
2026 2468 2075 2550 3
2138 2437 2469 2551 vulgato
2504 2498 2531 2540 ,

653 2557 1044 2645 eamdem
1093 2558 1493 2673 ‚Spartam
1551 2553 1903 2671 suscepit
1938 2554 2530 2667 adornandam

649 2679 1020 2792 denique
1077 2676 1664 2767 HENRICVS
1723 2678 2326 2767 PALLADIV
2328 2680 2383 2765 S
2440 2674 2533 2762 de

650 2800 922 2888 Olivis
943 2860 970 2903 ,
1033 2824 1116 2887 et
1151 2799 1290 2886 10:
1351 2796 2073 2887 FRANCISCVS
2133 2824 2403 2914 nepos
2438 2820 2531 2881 ex

615 2918 936 3009 illustri
974 2922 1192 3007 inter
1249 2916 1693 3007 Vtinenses
1746 2911 2064 3006 familia
2122 2916 2533 3033 prognati,

647 3066 1022 3153 quorum
1081 3042 1192 3125 ille
1246 3037 1575 3126 summa
1630 3034 2018 3127 diffionis
2083 3039 2532 3154 elegantia,

656 3186 740 3247 et
800 3160 1032 3255 latini
1089 3160 1494 3247 sermonis
1554 3159 1916 3275 puritate
1982 3184 2377 3273 coeptam
2438 3182 2535 3239 re-

651 3310 812 3364 rum
879 3282 1419 3367 bbroiutienaum
1474 3280 1825 3387 historiam
1843 3342 1874 3383 ,
1934 3304 2156 3390 quae
2201 3276 2425 3365 sacra
2454 3274 2535 3360 fi·

459 3448 470 3455 -
647 3399 828 3487 mul
889 3425 989 3487 ae
1047 3394 1404 3515 profana
1450 3393 2197 3515 completi-eretur,
2264 3395 2373 3483 ad
2403 3400 2535 3483 At-

650 3520 846 3639 tilae
899 3547 1305 3637 tempora
1363 3519 1601 3607 libris
1676 3518 1817 3606 XI.
1878 3516 2333 3631 perduxit-t
2408 3515 2537 3633 hic

643 3666 858 3754 vero
922 3638 1385 3731 editionem
1446 3640 1729 3755 opetis
1787 3634 2009 3723 istius
2070 3634 2532 3749 posthumi,

652 3786 1022 3850 unacum
1083 3762 1320 3851 libris
1380 3760 1489 3851 V.
1544 3756 1632 3847 de
1712 3752 2539 3982 oppugnationescazradi-
