2742 4592
296 446 446 520 ,0.1.
499 439 738 531 Script.
799 437 1020 510 histor.
1067 451 1248 530 gent.
1305 441 1468 514 Bab.
1500 451 1567 512 et
1620 439 1831 516 Habs.
1866 461 2015 544 gen.
2076 465 2203 538 237

295 639 521 723 inter
586 633 790 722 alios
853 634 1186 723 labores
1267 633 1707 726 historicos
1730 704 1761 751 ,
1852 637 2207 730 conscri-

297 751 457 872 pst
535 757 788 842 etiarn
857 755 1236 868 Austriam
1263 815 1290 859 ‚
1351 783 1503 840 cum
1566 761 1867 844 omnibus
1906 763 2209 848 eiusdem

287 878 876 978 Marchionilms‚
925 871 1306 976 Ducibus,
1355 878 1921 988 Archiducibus,
1979 907 2063 964 ac
2082 899 2199 964 rea

287 997 417 1082 bus
470 999 840 1105 praeclare
921 995 1025 1082 ad
1095 994 1229 1097 lua
1288 1025 1509 1106 usque
1570 1015 1875 1105 tempora
1938 997 2029 1085 ab
2078 1008 2199 1087 iis-

287 1117 440 1202 dem
509 1116 767 1224 gestis,
850 1113 956 1201 de
1017 1141 1194 1226 quo
1259 1143 1547 1230 opere,
1611 1120 1971 1234 eiusque
2030 1119 2203 1210 edi·

296 1237 674 1326 tionibus
735 1239 906 1322 iam
967 1235 1143 1322 aliis
1217 1237 1304 1321 in
1367 1237 1575 1324 locis
1644 1238 2192 1332 differuimus,

216 1423 227 1428 -
295 1354 796 1446 Condufitus
854 1353 962 1441 ad
1053 1354 1281 1442 hunc
1349 1355 1669 1446 librum
1749 1363 2197 1449 conficien-

290 1478 532 1584 dum,
573 1473 1182 1588 instruetusque
1223 1470 1387 1562 fuit
1434 1476 1809 1568 subsidiis
1846 1481 2193 1570 necess'a·

289 1601 438 1688 riis
491 1629 536 1684 a
559 1594 1141 1684 Maximiliano
1171 1596 1224 1681 Ι.
1245 1599 1473 1712 Aug.
1520 1599 1938 1690 Patebant
1965 1602 2215 1704 enim,
2360 1621 2370 1629 “

289 1721 372 1805 ei
435 1716 828 1806 Caesarea
846 1714 1338 1804 liberalitate
1375 1716 2067 1826 etb.bliothecae;
2110 1745 2195 1808 et

290 1839 740 1926 secretiora
762 1835 1060 1940 serinia
1106 1835 1599 1952 Principum
1644 1841 2053 1945 Austriae‚
2085 1867 2193 1927 ex

287 1957 608 2073 quibus
656 1954 920 2042 multa
977 1954 1086 2043 ab
1162 1955 1369 2044 aliis,
1402 1961 2013 2073 praetermissa,
2054 1958 2195 2047 ad-

289 2077 790 2166 curatiffime
864 2073 1340 2188 depromsit.
1463 2076 1598 2163 De
1654 2079 1993 2169 dicendi
2052 2108 2194 2192 ge-

288 2227 499 2306 nere
583 2221 835 2308 atque
896 2194 1358 2310 elegantia,
1424 2195 1737 2309 quibus
1794 2229 1889 2288 ea
1952 2199 2195 2288 histo-

285 2321 418 2406 ria
479 2317 764 2403 ornari
781 2315 1330 2428 illustrarique
1355 2314 1785 2424 debuiss‘et,
1838 2348 2013 2406 non
2054 2319 2192 2406 ad·-

288 2436 658 2526 modum
691 2433 1082 2522 sollicitus
1122 2428 1327 2541 fuit‘,
1390 2437 1837 2526 arbitratus
1887 2435 2193 2543 forsan,

287 2587 344 2644 a
400 2557 481 2644 se
544 2559 919 2672 ingenuo
982 2551 1274 2642 lestori
1331 2553 1833 2644 satisfaaefi’tum
1915 2561 2067 2666 iri,
2130 2557 2193 2645 fi
2346 2641 2351 2645 ,
2506 2617 2515 2632 -

157 2779 168 2790 ,
287 2705 519 2791 quae
581 2676 751 2792 ipse
791 2673 1245 2781 veriffima,
1306 2674 1446 2764 sua
1483 2675 1836 2790 quidem
1880 2679 2192 2767 senten-

241 2799 452 2903 ·tia,
517 2794 1093 2910 comperiss'et,
1157 2794 1455 2885 eadem
1501 2796 1852 2914 simplici
1894 2801 2193 2888 oratio-

281 2945 396 3005 ne
459 2915 895 3004 mandaret
949 2915 1426 3030 posteritati.

474 3033 1097 3124 FRANCISCI
1196 3035 2001 3130 GVILLIMANNI
2092 3040 2199 3122 hi.

273 3157 512 3267 storia
552 3156 996 3296 Austrioca,
1087 3155 1401 3242 inedita
1460 3156 1787 3263 adhuc,
1852 3155 2195 3246 duobus

285 3278 612 3365 volum.
673 3279 761 3363 in
816 3272 964 3364 fol.
1029 3273 1651 3389 adservabatur
1677 3276 1881 3362 olim
1933 3276 2195 3364 Ocni

281 3423 553 3516 ponte
633 3397 906 3512 apud
941 3393 1292 3482 heredes
1374 3395 2192 3605 Τὴειηῑιὲιιῖετὶαηοεὲ

233 3517 638 3606 ‘Titulus
725 3516 964 3634 operi
1048 3513 1403 3630 sequens
1482 3533 1685 3630 prae
1740 3543 1897 3603 xus
2010 3517 2123 3604 est

235 3678 240 3686 ·
284 3641 412 3726 De
455 3640 864 3746 Principum
913 3635 1387 3744 Habsburgi-
1409 3635 1949 3744 Austriacorum
1996 3645 2189 3744 vita,

283 3761 590 3845 moribus
607 3821 632 3864 ,
698 3762 906 3864 rebus
968 3753 1179 3869 gestis
1198 3814 1230 3862 ‚
1289 3764 1615 3870 coniugiis
1642 3819 1671 3867 ,
1736 3759 1971 3852 liberis
1991 3823 2019 3864 ,
2111 3784 2215 3844 ac-

1938 3901 2076 3961 ναι·
