2742 4592
603 455 722 521 104
921 434 1006 505 L.
1029 436 1085 506 1.
1116 430 1351 522 Script.
1369 431 1514 503 hist.
1532 452 1717 522 prov.
1744 436 1963 503 Germ.
1985 434 2167 507 Aust.
2259 508 2269 517 ‚

607 624 1012 724 Eiusdem
1093 625 1397 735 castrum
1470 616 1857 743 Styrenlb,
1962 627 2203 742 quod
2285 629 2373 714 Ρ.
2453 628 2514 715 Ι.
2616 626 2627 634 ’

497 726 506 732 ’
605 744 2508 864 L.11.C.11.§.1.pag.13812udavimus,

603 866 774 957 huc
834 894 1187 981 quoque
1245 870 1632 985 pertinet.
1752 867 2248 959 Praesertim
2294 896 2509 957 vero

601 988 817 1077 illius
907 986 1060 1097 hist
1075 996 1192 1074 ria
1277 990 1673 1095 Comum,
1789 990 2348 1094 Marchionum,
2441 1007 2512 1073 et

453 1148 460 1155 ·
610 1112 890 1192 Ducum
953 1110 1236 1219 Styriae
1296 1108 1437 1196 hie
1498 1106 2221 1215 commendanda,
2285 1134 2507 1220 quae

603 1230 950 1340 reliquis
1029 1228 1349 1345 scriptis
1408 1223 2151 1345 Norimbergenfis
2216 1228 2515 1317 editio·

607 1350 737 1434 nis
815 1377 945 1435 an.
1036 1374 1258 1462 1740
1313 1352 1435 1445 in
1506 1345 1653 1437 fol.
1736 1348 2035 1439 inserta
2096 1349 2253 1455 est,
2338 1348 2513 1439 hoe

583 1466 895 1557 'titulot
955 1472 1097 1555 Alt
1123 1518 1146 1533 -
1173 1472 1625 1585 Steyermark
1685 1470 1756 1555 d.
1817 1479 1862 1551 i.
1922 1474 2148 1553 kurze
2236 1466 2513 1577 histori-

588 1588 750 1694 Jche
809 1590 1232 1699 Erzehlung
1311 1616 1451 1673 von
1530 1586 1877 1696 Ankunft
1898 1653 1922 1691 ‚
1986 1592 2223 1675 Leben
2250 1652 2277 1690 ‚
2361 1590 2515 1673 und

620 1707 763 1793 m
793 1772 820 1812 ‚
897 1710 1028 1793 der
1053 1708 1306 1817 ‚liingll
1366 1708 1891 1819 abgestorbenen
1964 1712 2509 1817 hochgebobrnen

602 1830 754 1914 und
821 1828 1417 1936 durchleuchtigen
1530 1826 1814 1937 Grafm
1839 1894 1864 1934 ,
1933 1824 2447 1937 'Markgrafen
2474 1890 2507 1930 ‚

601 1950 753 2035 und
805 1954 1189 2059 Herzogen
1276 1980 1421 2033 von
1488 1952 1736 2057 Steyer
1761 2014 1788 2051 ,
1846 1980 1981 2033 aus
2043 1950 2509 2036 unterschied·

603 2074 816 2155 lichen
877 2070 1212 2180 historicis
1230 2130 1260 2173 .,
1319 2066 1803 2181 manussriptis
1824 2134 1848 2173 ,
1910 2074 2062 2154 und
2114 2071 2513 2179 brieflichen

614 2192 996 2277 Vrkunden
1107 2190 1411 2285 zulamm
1520 2191 2512 2300 getragen.1nchoatur

605 2310 991 2399 historiae
1069 2311 1316 2399 series
1395 2311 1504 2399 ab
1568 2314 1967 2419 Alberone,
2068 2310 2217 2424 qui
2283 2313 2511 2401 circa

603 2458 920 2518 annum
988 2436 1164 2545 960
1221 2434 1595 2536 vixerat,
1681 2456 1765 2518 et
1822 2432 2319 2551 perducitur
2378 2458 2511 2517 us·

609 2578 778 2663 que
858 2548 966 2637 ad
1032 2554 1451 2635 ottocarum
1521 2552 1665 2637 VI.
1728 2554 2064 2639 Ducem
2128 2553 2513 2663 Styriae,

600 2674 751 2785 qui
812 2698 1037 2758 anno
1111 2698 1333 2786 1192
1401 2671 1659 2779 obiit,
1744 2672 2289 2789 posteaquam
2373 2700 2511 2763 an

462 2846 474 2854 ·
613 2795 840 2888 1186
951 2792 1284 2878 Ducem
1389 2792 1774 2881 Austriae
1864 2794 2272 2895 Leopoldum
2355 2792 2504 2879 VI.

621 2916 728 2994 V
734 2912 966 3014 rttost
974 2940 1036 2991 m
1135 2911 1517 2999 sollemni
1629 2914 2106 3003 donationis
2220 2911 2511 2999 instru-

517 3108 522 3113 .
602 3058 891 3118 mento
951 3032 1180 3119 sexto
1243 3033 1582 3119 decimo
1646 3034 1791 3120 cal
1846 3031 2441 3147 Septembris
2416 3060 2507 3121 un

605 3178 898 3239 monte
957 3156 1038 3241 S.
1101 3129 1461 3270 Georgii
1501 3151 1727 3265 apud
1782 3152 2158 3241 Anasum
2216 3146 2511 3241 forum

581 3272 862 3377 darn,
923 3272 1160 3386 quod
1225 3302 1271 3358 a
1332 3272 1613 3360 nostro
1676 3273 2335 3361 Preuenhubero
2390 3272 2514 3358 in·

614 3416 952 3507 tegrum
1031 3393 1478 3481 exhibetur
1523 3459 1550 3496 ,
1634 3392 2039 3481 heredem
2142 3392 2510 3483 instituit.

597 3514 692 3613 ln
779 3512 1294 3601 bibliotheca
1384 3510 1781 3604 Caesarea
1835 3513 2513 3621 Vindobonensi,

605 3634 802 3719 teste
859 3636 940 3721 L
945 3634 1454 3721 AMBECIO
1522 3634 1882 3725 comment.
1942 3634 2050 3724 L.
2110 3634 2199 3725 II.
2240 3661 2321 3748 p.
2392 3662 2511 3723 m.

557 3770 779 3867 ·877
865 3756 1058 3841 edit.
1133 3754 1692 3860 Kollarianae,
1771 3754 2178 3844 cod.1ur.
2261 3753 2567 3845 civil..

549 3912 562 3921 ·
609 3893 747 3977 82.
811 3874 1300 3971 chartaceo
1277 3904 1366 3961 m
1410 3870 1555 3962 fol.
1596 3872 1953 3963 habetur
2004 3872 2507 4079 1mo.(11dem
2555 3964 2595 3975 ,

1612 4032 1625 4041 ·
2328 4022 2356 4078 ι
