2742 4592
571 414 692 484 106
853 406 939 481 L.
993 412 1050 479 1.
1084 398 1317 501 Script.
1357 407 1497 485 hist.
1538 430 1725 499 prov·
1772 413 1989 501 Germ.
2040 382 2218 479 Aust.

561 604 738 691 aeri
811 602 1108 691 incisis.
1227 602 1512 691 Divisa
1588 602 1702 691 est
1778 599 1987 690 haec
2062 602 2461 707 historia,

563 752 782 837 quae
839 749 1124 811 tamen
1160 722 1533 827 ‘eruditis
1590 725 1959 839 partium
2020 723 2289 809 studio
2350 724 2457 811 la·

559 844 868 931 horare
926 842 1260 931 videtur
1280 910 1308 949 ,
1371 844 1861 957 ceteroquin
1922 846 2293 959 egregia,
2377 845 2474 929 in

557 982 713 1051 tres
761 982 1060 1072 partes,
1121 989 1483 1076 quarum
1532 972 1769 1071 prima
1826 964 2123 1077 incipit
2170 962 2277 1049 ab
2322 963 2475 1049 Ot-

566 1108 859 1173 tocaro
906 1084 1050 1188 VI,
1111 1081 1614 1171 Marchione
1673 1083 2022 1189 ultim0,
2088 1108 2172 1171 et
2220 1084 2469 1171 Duce

565 1205 895 1315 Styriae
933 1206 1259 1320 primo,
1325 1193 1787 1318 desinitque
1872 1202 1961 1288 in
2022 1201 2465 1289 Friderico

563 1324 930 1417 Pulchro
988 1319 1378 1439 Augusto
1402 1387 1430 1429 ,
1473 1322 1777 1433 secunda
1837 1320 1945 1408 ab
1990 1320 2347 1411 Alberto
2390 1326 2467 1411 ΙΙ

557 1444 998 1556 sapiente,
1074 1442 1214 1529 seu
1295 1442 1809 1547 ContrasstO,
1926 1440 2469 1556 protenditur

557 1565 666 1655 ad
727 1561 1360 1653 Fer‘dinandum
1422 1564 1457 1649 1
1518 1560 2005 1675 Caesarem3
2066 1570 2287 1646 tertia
2342 1568 2469 1649 in-

543 1688 924 1774 ·choatur
983 1700 1033 1771 a
1093 1681 1407 1771 Carolo
1470 1684 1537 1771 11
1618 1685 1861 1771 Duce
1919 1683 2288 1793 Scyriae,
2378 1710 2467 1768 et

555 1805 1057 1895 terminatur
1139 1826 1335 1890 cum
1398 1800 1742 1919 Iosepho
1805 1802 1839 1889 l
1899 1800 2291 1909 Caesare,
2356 1830 2461 1889 ac
2626 1794 2665 1832 ⁰

559 1928 886 2039 Styriae
947 1922 1190 2011 Duce
1247 1922 1507 2011 XXII.
1630 1919 1943 2035 [Stilus
2006 1950 2183 2009 non
2226 1920 2463 2007 idern

561 2047 888 2161 ubique
950 2043 1105 2151 est,
1154 2051 1252 2131 'et
1314 2036 1485 2129 duo
1548 2043 1823 2143 ultimi
1894 2042 2175 2128 Duces
2239 2042 2470 2129 Leo-

561 2160 866 2283 poldus
943 2168 998 2255 Ι.
1081 2185 1166 2250 et
1223 2160 1614 2277 Iosephus
1700 2165 1753 2253 I.
1822 2162 2109 2275 Augg.
2190 2162 2463 2248 aliena

525 2306 860 2389 ‘ninum
947 2304 1203 2399 atque
1265 2278 1389 2367 uti
1462 2306 1569 2369 ex
1648 2278 2068 2371 scribendi
2132 2284 2464 2369 ratione

567 2406 1057 2506 coniicitur,
1127 2404 1211 2489 P.
1258 2400 1869 2493 FRANCISCI
1931 2400 2461 2493 WAGNER
2592 2472 2619 2496 ,

559 2526 879 2613 calamo
933 2520 1414 2635 profluxiss'e
1472 2520 1889 2609 videntur.
2010 2518 2461 2631 Diffbrtatio-

559 2672 709 2729 nem
747 2644 1216 2751 prooemialem
1269 2664 1508 2755 parte
1550 2640 1980 2757 superiore
2018 2640 2237 2730 inter
2261 2644 2448 2753 Sty-

557 2766 732 2852 riae
788 2762 1281 2869 chorographos
1331 2760 2217 2849 commemoravimus.
2246 2832 2268 2841 ,

732 2886 824 2996 Ρ.
939 2880 1605 2971 SlGlSMVNDI
1717 2878 2093 2968 PVSCH
2186 2904 2267 2968 et
2361 2880 2459 2969 P.

561 3002 1052 3093 OCTAVII
1131 2992 1787 3093 BVCELLENI
1842 2996 1974 3116 (a)
2034 2998 2457 3109 chronologia

533 3109 755 3228 sacc'a
840 3125 1180 3207 Ducatus
1243 3122 1529 3230 Styrioe
1609 3121 1931 3207 summa
2008 3120 2173 3209 fide
2197 3188 2223 3227 ,
2300 3116 2450 3203 fin·

551 3246 998 3359 gularique
1064 3242 1499 3355 diligentia
1578 3264 1659 3327 et
1719 3238 2037 3327 iudicio
2096 3240 2448 3354 scripta,

551 3392 772 3477 quae
853 3361 1195 3457 duobus
1269 3358 1849 3447 voluminibus
1930 3360 2269 3451 Graecii
2334 3358 2447 3445 ab

2192 3509 2323 3571 ane

633 3680 749 3765 (a)
791 3680 1000 3763 [Hoc
1034 3672 1292 3763 quidem
1339 3672 1609 3743 editoris
1650 3696 1891 3743 nomen
1934 3680 2201 3744 alterum
2249 3682 2444 3746 volu-

791 3808 942 3854 men
985 3784 1369 3871 praesefert,
1434 3796 1716 3851 attamen
1774 3781 2199 3869 Qerosunilius
2226 3831 2247 3865 ,
2300 3784 2443 3871 opi-

779 3912 942 3976 nor,
999 3891 1166 3965 istud
1245 3912 1508 3981 quoque
1580 3890 2032 3975 PVSCHIO,
2106 3906 2437 3979 tamquam
2570 3924 2587 3933 -

785 4020 942 4077 vero
995 3998 1276 4084 auam-i,
1330 3996 1791 4075 vindicnudum
1834 3999 2005 4085 eit}
