<?xml version="1.0" encoding="UTF-8"?>
<!DOCTYPE html PUBLIC "-//W3C//DTD XHTML 1.0 Transitional//EN"
    "http://www.w3.org/TR/xhtml1/DTD/xhtml1-transitional.dtd">
<html xmlns="http://www.w3.org/1999/xhtml" xml:lang="en" lang="en">
 <head>
  <title>
</title>
<meta http-equiv="Content-Type" content="text/html;charset=utf-8" />
  <meta name='ocr-system' content='tesseract 3.04.00' />
  <meta name='ocr-capabilities' content='ocr_page ocr_carea ocr_par ocr_line ocrx_word'/>
</head>
<body>
  <div class='ocr_page' id='page_1' title='image "./specimenbibliot00vogegoog_0241.png"; bbox 0 0 2742 4592; ppageno 0'>
   <div class='ocr_carea' id='block_1_1' title="bbox 473 467 2313 581">
    <p class='ocr_par' dir='ltr' id='par_1_1' title="bbox 473 467 2313 581">
     <span class='ocr_line' id='line_1_1' title="bbox 473 467 2313 581; baseline 0 -38"><span class='ocrx_word' id='word_1_1' title='bbox 473 484 480 492; x_wconf 83' lang='lat'>’</span> <span class='ocrx_word' id='word_1_2' title='bbox 555 491 718 560; x_wconf 71' lang='lat'>5212¹</span> <span class='ocrx_word' id='word_1_3' title='bbox 819 469 908 541; x_wconf 92' lang='lat' dir='ltr'>L.</span> <span class='ocrx_word' id='word_1_4' title='bbox 946 473 1036 542; x_wconf 90' lang='lat'>11.</span> <span class='ocrx_word' id='word_1_5' title='bbox 1079 467 1322 562; x_wconf 60' lang='lat' dir='ltr'>scripu</span> <span class='ocrx_word' id='word_1_6' title='bbox 1365 473 1621 581; x_wconf 72' lang='lat' dir='ltr'>geneal.</span> <span class='ocrx_word' id='word_1_7' title='bbox 1665 474 1840 561; x_wconf 79' lang='lat' dir='ltr'>Aug.</span> <span class='ocrx_word' id='word_1_8' title='bbox 1884 477 2079 544; x_wconf 77' lang='lat' dir='ltr'>Dom-</span> <span class='ocrx_word' id='word_1_9' title='bbox 2124 474 2313 543; x_wconf 78' lang='lat' dir='ltr'>Aust.</span> 
     </span>
    </p>
   </div>
   <div class='ocr_carea' id='block_1_2' title="bbox 467 657 2489 1602">
    <p class='ocr_par' dir='ltr' id='par_1_2' title="bbox 467 657 2489 1602">
     <span class='ocr_line' id='line_1_2' title="bbox 559 657 2485 784; baseline -0.003 -24"><span class='ocrx_word' id='word_1_10' title='bbox 559 663 932 760; x_wconf 80' lang='lat' dir='ltr'>Caesaris</span> <span class='ocrx_word' id='word_1_11' title='bbox 995 657 1342 754; x_wconf 78' lang='lat' dir='ltr'>facultas</span> <span class='ocrx_word' id='word_1_12' title='bbox 1402 663 1934 782; x_wconf 86' lang='lat' dir='ltr'>theologica,</span> <span class='ocrx_word' id='word_1_13' title='bbox 1998 689 2083 752; x_wconf 90' lang='lat' dir='ltr'>et</span> <span class='ocrx_word' id='word_1_14' title='bbox 2140 693 2298 784; x_wconf 90' lang='lat' dir='ltr'>per</span> <span class='ocrx_word' id='word_1_15' title='bbox 2341 665 2485 754; x_wconf 87' lang='lat' dir='ltr'>de-</span> 
     </span>
     <span class='ocr_line' id='line_1_3' title="bbox 558 785 2485 905; baseline -0.001 -32"><span class='ocrx_word' id='word_1_16' title='bbox 558 788 926 905; x_wconf 71' lang='lat' dir='ltr'>signatos</span> <span class='ocrx_word' id='word_1_17' title='bbox 967 785 1076 872; x_wconf 85' lang='lat' dir='ltr'>ad</span> <span class='ocrx_word' id='word_1_18' title='bbox 1123 785 1353 872; x_wconf 89' lang='lat' dir='ltr'>hunc</span> <span class='ocrx_word' id='word_1_19' title='bbox 1390 786 1779 875; x_wconf 87' lang='lat' dir='ltr'>laborem</span> <span class='ocrx_word' id='word_1_20' title='bbox 1842 797 2155 872; x_wconf 80' lang='lat' dir='ltr'>loannem</span> <span class='ocrx_word' id='word_1_21' title='bbox 2218 790 2485 895; x_wconf 64' lang='lat' dir='ltr'><em>Pupp,</em></span> 
     </span>
     <span class='ocr_line' id='line_1_4' title="bbox 555 901 2485 1011; baseline 0.001 -15"><span class='ocrx_word' id='word_1_22' title='bbox 555 935 641 996; x_wconf 92' lang='lat' dir='ltr'>et</span> <span class='ocrx_word' id='word_1_23' title='bbox 711 911 1022 1011; x_wconf 68' lang='lat' dir='ltr'>Iqannem</span> <span class='ocrx_word' id='word_1_24' title='bbox 1089 901 1478 992; x_wconf 60' lang='lat' dir='ltr'>Camertem</span> <span class='ocrx_word' id='word_1_25' title='bbox 1536 907 2025 995; x_wconf 87' lang='lat' dir='ltr'>Stabianam</span> <span class='ocrx_word' id='word_1_26' title='bbox 2107 936 2349 995; x_wconf 81' lang='lat' dir='ltr'>exam</span> <span class='ocrx_word' id='word_1_27' title='bbox 2358 909 2485 998; x_wconf 89' lang='lat' dir='ltr'>ini</span> 
     </span>
     <span class='ocr_line' id='line_1_5' title="bbox 567 1026 2485 1144; baseline -0.001 -29"><span class='ocrx_word' id='word_1_28' title='bbox 567 1026 926 1116; x_wconf 89' lang='lat' dir='ltr'>subiecit</span> <span class='ocrx_word' id='word_1_29' title='bbox 1039 1028 1636 1144; x_wconf 81' lang='lat' dir='ltr'>genealogiam</span> <span class='ocrx_word' id='word_1_30' title='bbox 1678 1093 1710 1132; x_wconf 89' lang='lat'>‚</span> <span class='ocrx_word' id='word_1_31' title='bbox 1816 1026 2485 1144; x_wconf 84' lang='lat' dir='ltr'>responsumque</span> 
     </span>
     <span class='ocr_line' id='line_1_6' title="bbox 561 1144 2483 1264; baseline -0.004 -22"><span class='ocrx_word' id='word_1_32' title='bbox 561 1147 1160 1242; x_wconf 79' lang='lat' dir='ltr'>Maximiliano</span> <span class='ocrx_word' id='word_1_33' title='bbox 1214 1144 1631 1254; x_wconf 79' lang='lat' dir='ltr'>submisit,</span> <span class='ocrx_word' id='word_1_34' title='bbox 1666 1146 2239 1264; x_wconf 82' lang='lat' dir='ltr'>inscriptum:</span> <span class='ocrx_word' id='word_1_35' title='bbox 2306 1153 2483 1235; x_wconf 82' lang='lat' dir='ltr'>Con-</span> 
     </span>
     <span class='ocr_line' id='line_1_7' title="bbox 565 1265 2479 1374; baseline -0.001 -20"><span class='ocrx_word' id='word_1_36' title='bbox 565 1275 858 1354; x_wconf 75' lang='lat' dir='ltr'>tinuata</span> <span class='ocrx_word' id='word_1_37' title='bbox 919 1271 1306 1352; x_wconf 82' lang='lat' dir='ltr'>Procerum</span> <span class='ocrx_word' id='word_1_38' title='bbox 1332 1265 1555 1374; x_wconf 78' lang='lat' dir='ltr'>series</span> <span class='ocrx_word' id='word_1_39' title='bbox 1584 1297 1635 1353; x_wconf 84' lang='lat' dir='ltr'>a</span> <span class='ocrx_word' id='word_1_40' title='bbox 1677 1271 1847 1354; x_wconf 75' lang='grc' dir='ltr'>Νοέ</span> <span class='ocrx_word' id='word_1_41' title='bbox 1880 1271 1985 1353; x_wconf 83' lang='lat' dir='ltr'>ad</span> <span class='ocrx_word' id='word_1_42' title='bbox 2002 1271 2435 1356; x_wconf 75' lang='lat' dir='ltr'>Sicambrum</span> <span class='ocrx_word' id='word_1_43' title='bbox 2449 1337 2479 1374; x_wconf 83' lang='lat'><strong>,</strong></span> 
     </span>
     <span class='ocr_line' id='line_1_8' title="bbox 545 1385 2483 1505; baseline 0.004 -35"><span class='ocrx_word' id='word_1_44' title='bbox 545 1407 686 1500; x_wconf 79' lang='lat' dir='ltr'>per</span> <span class='ocrx_word' id='word_1_45' title='bbox 745 1385 1166 1490; x_wconf 77' lang='lat' dir='ltr'><em>facultatem</em></span> <span class='ocrx_word' id='word_1_46' title='bbox 1222 1386 1655 1498; x_wconf 79' lang='lat' dir='ltr'>theologicam</span> <span class='ocrx_word' id='word_1_47' title='bbox 1712 1387 1951 1502; x_wconf 72' lang='lat' dir='ltr'>studia·</span> <span class='ocrx_word' id='word_1_48' title='bbox 2038 1393 2483 1505; x_wconf 73' lang='lat' dir='ltr'>Viennensis.</span> 
     </span>
     <span class='ocr_line' id='line_1_9' title="bbox 467 1507 2489 1602; baseline 0.001 -6"><span class='ocrx_word' id='word_1_49' title='bbox 467 1535 474 1540; x_wconf 88' lang='lat'>·</span> <span class='ocrx_word' id='word_1_50' title='bbox 555 1508 948 1597; x_wconf 86' lang='lat' dir='ltr'>Habetur</span> <span class='ocrx_word' id='word_1_51' title='bbox 1029 1507 1240 1595; x_wconf 86' lang='lat' dir='ltr'>illud</span> <span class='ocrx_word' id='word_1_52' title='bbox 1317 1511 1537 1598; x_wconf 89' lang='lat' dir='ltr'>inter</span> <span class='ocrx_word' id='word_1_53' title='bbox 1621 1510 1963 1599; x_wconf 89' lang='lat' dir='ltr'>codices</span> <span class='ocrx_word' id='word_1_54' title='bbox 2050 1511 2297 1602; x_wconf 91' lang='lat' dir='ltr'><strong>MSS.</strong></span> <span class='ocrx_word' id='word_1_55' title='bbox 2358 1511 2489 1600; x_wconf 90' lang='lat' dir='ltr'>bi-</span> 
     </span>
    </p>
   </div>
   <div class='ocr_carea' id='block_1_3' title="bbox 407 1627 2065 1746">
    <p class='ocr_par' dir='ltr' id='par_1_3' title="bbox 407 1627 2065 1746">
     <span class='ocr_line' id='line_1_10' title="bbox 407 1627 2065 1746; baseline 0.001 -30"><span class='ocrx_word' id='word_1_56' title='bbox 407 1629 416 1646; x_wconf 94' lang='lat'>&#39;</span> <span class='ocrx_word' id='word_1_57' title='bbox 563 1628 1041 1718; x_wconf 87' lang='lat' dir='ltr'>bliothecae</span> <span class='ocrx_word' id='word_1_58' title='bbox 1101 1627 1554 1719; x_wconf 79' lang='lat' dir='ltr'>Caesareae</span> <span class='ocrx_word' id='word_1_59' title='bbox 1613 1660 1695 1719; x_wconf 89' lang='lat' dir='ltr'>n.</span> <span class='ocrx_word' id='word_1_60' title='bbox 1758 1647 1957 1744; x_wconf 82' lang='lat'><em>787.</em></span> <span class='ocrx_word' id='word_1_61' title='bbox 2021 1629 2065 1746; x_wconf 95' lang='lat'>]</span> 
     </span>
    </p>
   </div>
   <div class='ocr_carea' id='block_1_4' title="bbox 549 1743 2485 2804">
    <p class='ocr_par' dir='ltr' id='par_1_4' title="bbox 549 1743 2485 2717">
     <span class='ocr_line' id='line_1_11' title="bbox 739 1743 2485 1863; baseline -0.001 -23"><span class='ocrx_word' id='word_1_62' title='bbox 739 1753 1171 1863; x_wconf 88' lang='lat' dir='ltr'>Sequutus</span> <span class='ocrx_word' id='word_1_63' title='bbox 1231 1743 1622 1840; x_wconf 73' lang='lat' dir='ltr'>Stabiur&#39;n</span> <span class='ocrx_word' id='word_1_64' title='bbox 1682 1746 1844 1837; x_wconf 89' lang='lat' dir='ltr'>fuit</span> <span class='ocrx_word' id='word_1_65' title='bbox 1914 1749 2485 1840; x_wconf 85' lang='lat' dir='ltr'>HIERONY-</span> 
     </span>
     <span class='ocr_line' id='line_1_12' title="bbox 549 1867 2485 1962; baseline 0 0"><span class='ocrx_word' id='word_1_66' title='bbox 549 1868 799 1962; x_wconf 90' lang='lat' dir='ltr'>MVS</span> <span class='ocrx_word' id='word_1_67' title='bbox 843 1867 1557 1961; x_wconf 87' lang='lat' dir='ltr'>GEBVILERVS</span> <span class='ocrx_word' id='word_1_68' title='bbox 1602 1872 1767 1960; x_wconf 87' lang='lat' dir='ltr'>five</span> <span class='ocrx_word' id='word_1_69' title='bbox 1807 1869 2016 1959; x_wconf 85' lang='lat' dir='ltr'>GEB</span> <span class='ocrx_word' id='word_1_70' title='bbox 2024 1869 2485 1962; x_wconf 87' lang='lat' dir='ltr'>WEILER</span> 
     </span>
     <span class='ocr_line' id='line_1_13' title="bbox 559 1990 2480 2106; baseline -0.004 -24"><span class='ocrx_word' id='word_1_71' title='bbox 559 1995 654 2082; x_wconf 87' lang='lat' dir='ltr'>in</span> <span class='ocrx_word' id='word_1_72' title='bbox 710 1998 994 2102; x_wconf 78' lang='lat' dir='ltr'>epitome</span> <span class='ocrx_word' id='word_1_73' title='bbox 1075 1991 1292 2100; x_wconf 67' lang='lat' dir='ltr'>Regis·</span> <span class='ocrx_word' id='word_1_74' title='bbox 1349 2008 1423 2076; x_wconf 82' lang='lat' dir='ltr'>et</span> <span class='ocrx_word' id='word_1_75' title='bbox 1479 1990 1911 2106; x_wconf 76' lang='lat' dir='ltr'>vetustiffimi</span> <span class='ocrx_word' id='word_1_76' title='bbox 1965 2011 2171 2078; x_wconf 81' lang='lat' dir='ltr'>ortus</span> <span class='ocrx_word' id='word_1_77' title='bbox 2238 1995 2480 2076; x_wconf 74' lang='lat' dir='ltr'>Caroli</span> 
     </span>
     <span class='ocr_line' id='line_1_14' title="bbox 581 2111 2485 2224; baseline -0.002 -23"><span class='ocrx_word' id='word_1_78' title='bbox 581 2113 680 2201; x_wconf 64' lang='lat' dir='ltr'>vt</span> <span class='ocrx_word' id='word_1_79' title='bbox 732 2131 808 2198; x_wconf 78' lang='lat' dir='ltr'>et</span> <span class='ocrx_word' id='word_1_80' title='bbox 865 2111 1304 2201; x_wconf 69' lang='lat' dir='ltr'>Ferdinandz·</span> <span class='ocrx_word' id='word_1_81' title='bbox 1388 2115 1455 2198; x_wconf 87' lang='lat'>1.</span> <span class='ocrx_word' id='word_1_82' title='bbox 1512 2120 1937 2224; x_wconf 77' lang='lat' dir='ltr'>omniumque</span> <span class='ocrx_word' id='word_1_83' title='bbox 1995 2113 2485 2200; x_wconf 76' lang='lat' dir='ltr'>Archiducum</span> 
     </span>
     <span class='ocr_line' id='line_1_15' title="bbox 554 2231 2479 2352; baseline -0.001 -28"><span class='ocrx_word' id='word_1_84' title='bbox 554 2231 954 2342; x_wconf 68' lang='lat' dir='ltr'>Austriaae,</span> <span class='ocrx_word' id='word_1_85' title='bbox 1018 2257 1102 2320; x_wconf 90' lang='lat' dir='ltr'>et</span> <span class='ocrx_word' id='word_1_86' title='bbox 1145 2233 1594 2323; x_wconf 89' lang='lat' dir='ltr'>Comitum</span> <span class='ocrx_word' id='word_1_87' title='bbox 1637 2233 2479 2352; x_wconf 85' lang='lat' dir='ltr'>Habsburgicorum.</span> 
     </span>
     <span class='ocr_line' id='line_1_16' title="bbox 556 2352 2483 2472; baseline -0.003 -27"><span class='ocrx_word' id='word_1_88' title='bbox 556 2355 907 2446; x_wconf 84' lang='lat' dir='ltr'>Constat</span> <span class='ocrx_word' id='word_1_89' title='bbox 965 2352 1134 2440; x_wconf 84' lang='lat' dir='ltr'>hoc</span> <span class='ocrx_word' id='word_1_90' title='bbox 1180 2381 1395 2472; x_wconf 84' lang='lat' dir='ltr'>opus</span> <span class='ocrx_word' id='word_1_91' title='bbox 1444 2355 1685 2444; x_wconf 90' lang='lat' dir='ltr'>libris</span> <span class='ocrx_word' id='word_1_92' title='bbox 1732 2353 1917 2461; x_wconf 86' lang='lat' dir='ltr'>sex,</span> <span class='ocrx_word' id='word_1_93' title='bbox 1977 2355 2483 2468; x_wconf 88' lang='lat' dir='ltr'>editumque</span> 
     </span>
     <span class='ocr_line' id='line_1_17' title="bbox 552 2471 2483 2594; baseline -0.005 -27"><span class='ocrx_word' id='word_1_94' title='bbox 552 2471 717 2568; x_wconf 91' lang='lat' dir='ltr'>fuit</span> <span class='ocrx_word' id='word_1_95' title='bbox 775 2476 1160 2590; x_wconf 88' lang='lat' dir='ltr'>primum</span> <span class='ocrx_word' id='word_1_96' title='bbox 1217 2477 1776 2594; x_wconf 84' lang='lat' dir='ltr'>Argentorati</span> <span class='ocrx_word' id='word_1_97' title='bbox 1846 2495 2098 2590; x_wconf 75' lang='lat'>1527.</span> <span class='ocrx_word' id='word_1_98' title='bbox 2164 2476 2259 2563; x_wconf 88' lang='lat' dir='ltr'>in</span> <span class='ocrx_word' id='word_1_99' title='bbox 2297 2500 2483 2584; x_wconf 90' lang='lat' dir='ltr'>4to.</span> 
     </span>
     <span class='ocr_line' id='line_1_18' title="bbox 552 2595 2483 2717; baseline -0.003 -29"><span class='ocrx_word' id='word_1_100' title='bbox 552 2595 876 2688; x_wconf 72' lang='lat' dir='ltr'>auffius</span> <span class='ocrx_word' id='word_1_101' title='bbox 913 2621 1122 2683; x_wconf 88' lang='lat' dir='ltr'>vero</span> <span class='ocrx_word' id='word_1_102' title='bbox 1169 2597 1645 2717; x_wconf 78' lang='lat' dir='ltr'>Hagenoae</span> <span class='ocrx_word' id='word_1_103' title='bbox 1700 2619 1951 2711; x_wconf 82' lang='lat'><strong>1530.</strong></span> <span class='ocrx_word' id='word_1_104' title='bbox 2012 2598 2104 2684; x_wconf 88' lang='lat' dir='ltr'>in</span> <span class='ocrx_word' id='word_1_105' title='bbox 2158 2619 2339 2706; x_wconf 89' lang='lat' dir='ltr'>4to.</span> <span class='ocrx_word' id='word_1_106' title='bbox 2392 2618 2483 2682; x_wconf 86' lang='lat' dir='ltr'>et</span> 
     </span>
    </p>

    <p class='ocr_par' dir='ltr' id='par_1_5' title="bbox 2182 2715 2361 2804">
     <span class='ocr_line' id='line_1_19' title="bbox 2182 2715 2361 2804; baseline 0 0"><span class='ocrx_word' id='word_1_107' title='bbox 2182 2715 2361 2804; x_wconf 90' lang='lat' dir='ltr'>Lo·</span> 
     </span>
    </p>
   </div>
   <div class='ocr_carea' id='block_1_5' title="bbox 797 2949 2489 4121">
    <p class='ocr_par' dir='ltr' id='par_1_6' title="bbox 797 2949 2489 4121">
     <span class='ocr_line' id='line_1_20' title="bbox 801 2949 2477 3043; baseline -0.001 -21"><span class='ocrx_word' id='word_1_108' title='bbox 801 2953 969 3024; x_wconf 76' lang='lat' dir='ltr'>haec</span> <span class='ocrx_word' id='word_1_109' title='bbox 1026 2951 1119 3021; x_wconf 86' lang='lat' dir='ltr'>est</span> <span class='ocrx_word' id='word_1_110' title='bbox 1155 2959 1335 3024; x_wconf 83' lang='lat' dir='ltr'>Porta</span> <span class='ocrx_word' id='word_1_111' title='bbox 1371 2953 1605 3023; x_wconf 72' lang='lat' dir='ltr'>honoris</span> <span class='ocrx_word' id='word_1_112' title='bbox 1644 2951 2127 3043; x_wconf 83' lang='lat' dir='ltr'>Norimbergae</span> <span class='ocrx_word' id='word_1_113' title='bbox 2176 2969 2357 3038; x_wconf 83' lang='lat'><em>1515.</em></span> <span class='ocrx_word' id='word_1_114' title='bbox 2400 2949 2477 3020; x_wconf 86' lang='lat' dir='ltr'>in</span> 
     </span>
     <span class='ocr_line' id='line_1_21' title="bbox 809 3063 2483 3151; baseline -0.002 -19"><span class='ocrx_word' id='word_1_115' title='bbox 809 3065 928 3132; x_wconf 86' lang='lat' dir='ltr'>fol.</span> <span class='ocrx_word' id='word_1_116' title='bbox 993 3075 1061 3130; x_wconf 89' lang='lat' dir='ltr'>et</span> <span class='ocrx_word' id='word_1_117' title='bbox 1121 3063 1341 3151; x_wconf 83' lang='lat' dir='ltr'>postea</span> <span class='ocrx_word' id='word_1_118' title='bbox 1420 3064 1931 3134; x_wconf 86' lang='lat' dir='ltr'><strong>WILIBALDI</strong></span> <span class='ocrx_word' id='word_1_119' title='bbox 1996 3063 2483 3132; x_wconf 85' lang='lat' dir='ltr'>PIRCKHAI-</span> 
     </span>
     <span class='ocr_line' id='line_1_22' title="bbox 799 3166 2481 3257; baseline -0.002 -17"><span class='ocrx_word' id='word_1_120' title='bbox 799 3171 1048 3240; x_wconf 85' lang='lat' dir='ltr'>MERI</span> <span class='ocrx_word' id='word_1_121' title='bbox 1105 3171 1417 3257; x_wconf 82' lang='lat' dir='ltr'>operibus</span> <span class='ocrx_word' id='word_1_122' title='bbox 1442 3220 1465 3256; x_wconf 87' lang='lat'>,</span> <span class='ocrx_word' id='word_1_123' title='bbox 1533 3172 1940 3244; x_wconf 80' lang='lat' dir='ltr'>Francofurti</span> <span class='ocrx_word' id='word_1_124' title='bbox 2004 3193 2108 3242; x_wconf 86' lang='lat' dir='ltr'>an.</span> <span class='ocrx_word' id='word_1_125' title='bbox 2178 3177 2359 3242; x_wconf 84' lang='lat'>1610.</span> <span class='ocrx_word' id='word_1_126' title='bbox 2404 3166 2481 3237; x_wconf 84' lang='lat' dir='ltr'>in</span> 
     </span>
     <span class='ocr_line' id='line_1_23' title="bbox 798 3276 2482 3373; baseline -0.001 -25"><span class='ocrx_word' id='word_1_127' title='bbox 798 3281 920 3350; x_wconf 80' lang='lat' dir='ltr'>fol.</span> <span class='ocrx_word' id='word_1_128' title='bbox 985 3279 1273 3366; x_wconf 75' lang='lat' dir='ltr'>vulgatis</span> <span class='ocrx_word' id='word_1_129' title='bbox 1293 3327 1320 3363; x_wconf 81' lang='lat'><strong>‚</strong></span> <span class='ocrx_word' id='word_1_130' title='bbox 1386 3277 1651 3350; x_wconf 83' lang='lat' dir='ltr'>inserta.</span> <span class='ocrx_word' id='word_1_131' title='bbox 1770 3279 2209 3373; x_wconf 82' lang='lat' dir='ltr'>Descripserat</span> <span class='ocrx_word' id='word_1_132' title='bbox 2276 3276 2482 3348; x_wconf 82' lang='lat' dir='ltr'>etiam</span> 
     </span>
     <span class='ocr_line' id='line_1_24' title="bbox 797 3389 2479 3478; baseline -0.001 -23"><span class='ocrx_word' id='word_1_133' title='bbox 797 3389 1062 3457; x_wconf 88' lang='lat' dir='ltr'><strong>IOAN.</strong></span> <span class='ocrx_word' id='word_1_134' title='bbox 1135 3389 1753 3460; x_wconf 87' lang='lat' dir='ltr'><strong>CVSPINIANVS</strong></span> <span class='ocrx_word' id='word_1_135' title='bbox 1796 3394 2095 3461; x_wconf 82' lang='lat' dir='ltr'>arborem</span> <span class='ocrx_word' id='word_1_136' title='bbox 2130 3389 2479 3478; x_wconf 76' lang='lat' dir='ltr'>genealogi-</span> 
     </span>
     <span class='ocr_line' id='line_1_25' title="bbox 803 3495 2489 3588; baseline 0.004 -30"><span class='ocrx_word' id='word_1_137' title='bbox 803 3515 924 3559; x_wconf 84' lang='lat' dir='ltr'>cam</span> <span class='ocrx_word' id='word_1_138' title='bbox 994 3495 1338 3564; x_wconf 80' lang='lat' dir='ltr'>Caesarum</span> <span class='ocrx_word' id='word_1_139' title='bbox 1402 3497 1885 3568; x_wconf 84' lang='lat' dir='ltr'>Austriacorum</span> <span class='ocrx_word' id='word_1_140' title='bbox 1907 3547 1929 3583; x_wconf 90' lang='lat'><strong>,</strong></span> <span class='ocrx_word' id='word_1_141' title='bbox 2012 3521 2207 3588; x_wconf 84' lang='lat' dir='ltr'>quam</span> <span class='ocrx_word' id='word_1_142' title='bbox 2259 3511 2489 3566; x_wconf 77' lang='lat' dir='ltr'>tamen</span> 
     </span>
     <span class='ocr_line' id='line_1_26' title="bbox 805 3597 2487 3696; baseline 0.005 -28"><span class='ocrx_word' id='word_1_143' title='bbox 805 3597 943 3688; x_wconf 85' lang='lat' dir='ltr'>ipse</span> <span class='ocrx_word' id='word_1_144' title='bbox 1010 3601 1224 3670; x_wconf 86' lang='lat' dir='ltr'>rursus</span> <span class='ocrx_word' id='word_1_145' title='bbox 1271 3600 1533 3675; x_wconf 82' lang='lat' dir='ltr'>videtur</span> <span class='ocrx_word' id='word_1_146' title='bbox 1600 3606 2010 3696; x_wconf 78' lang='lat' dir='ltr'>supprefflfl&#39;e.</span> <span class='ocrx_word' id='word_1_147' title='bbox 2094 3611 2269 3678; x_wconf 86' lang='lat' dir='ltr'>Nam</span> <span class='ocrx_word' id='word_1_148' title='bbox 2316 3607 2487 3676; x_wconf 88' lang='lat' dir='ltr'><strong>dum.</strong></span> 
     </span>
     <span class='ocr_line' id='line_1_27' title="bbox 802 3709 2487 3802; baseline 0.005 -26"><span class='ocrx_word' id='word_1_149' title='bbox 802 3709 889 3776; x_wconf 87' lang='lat' dir='ltr'>de</span> <span class='ocrx_word' id='word_1_150' title='bbox 937 3710 1167 3779; x_wconf 81' lang='lat' dir='ltr'>arbore</span> <span class='ocrx_word' id='word_1_151' title='bbox 1217 3732 1333 3797; x_wconf 83' lang='lat' dir='ltr'>per</span> <span class='ocrx_word' id='word_1_152' title='bbox 1374 3715 1627 3782; x_wconf 73' lang='lat' dir='ltr'>stabiam</span> <span class='ocrx_word' id='word_1_153' title='bbox 1688 3717 1897 3802; x_wconf 67' lang='lat' dir='ltr'>fasta,</span> <span class='ocrx_word' id='word_1_154' title='bbox 1970 3715 2043 3785; x_wconf 83' lang='lat' dir='ltr'>in</span> <span class='ocrx_word' id='word_1_155' title='bbox 2086 3713 2487 3786; x_wconf 80' lang='lat' dir='ltr'>Caesaribus</span> 
     </span>
     <span class='ocr_line' id='line_1_28' title="bbox 799 3813 2479 3916; baseline 0.002 -30"><span class='ocrx_word' id='word_1_156' title='bbox 799 3813 928 3886; x_wconf 80' lang='lat' dir='ltr'>suis</span> <span class='ocrx_word' id='word_1_157' title='bbox 993 3840 1142 3906; x_wconf 85' lang='lat' dir='ltr'>pag.</span> <span class='ocrx_word' id='word_1_158' title='bbox 1215 3831 1357 3904; x_wconf 80' lang='lat'>538.</span> <span class='ocrx_word' id='word_1_159' title='bbox 1407 3823 1825 3894; x_wconf 84' lang='lat' dir='ltr'>mentionem</span> <span class='ocrx_word' id='word_1_160' title='bbox 1887 3825 2154 3910; x_wconf 68' lang='lat' dir='ltr'>inficit,</span> <span class='ocrx_word' id='word_1_161' title='bbox 2236 3823 2426 3894; x_wconf 84' lang='lat' dir='ltr'>addit</span> <span class='ocrx_word' id='word_1_162' title='bbox 2458 3899 2479 3916; x_wconf 89' lang='lat'><strong>.</strong></span> 
     </span>
     <span class='ocr_line' id='line_1_29' title="bbox 801 3925 2485 4032; baseline 0.014 -43"><span class='ocrx_word' id='word_1_163' title='bbox 801 3971 852 4008; x_wconf 67' lang='lat'>‚‚</span> <span class='ocrx_word' id='word_1_164' title='bbox 893 3931 979 4008; x_wconf 78' lang='lat' dir='ltr'>Et</span> <span class='ocrx_word' id='word_1_165' title='bbox 1015 3945 1150 3996; x_wconf 72' lang='lat' dir='ltr'>nos=</span> <span class='ocrx_word' id='word_1_166' title='bbox 1179 3933 1455 4029; x_wconf 61' lang='lat' dir='ltr'>quondagn</span> <span class='ocrx_word' id='word_1_167' title='bbox 1493 3935 1946 4027; x_wconf 74' lang='lat' dir='ltr'>firipJeramus,</span> <span class='ocrx_word' id='word_1_168' title='bbox 1988 3939 2159 4002; x_wconf 66' lang='lat' dir='ltr'>al&#39;eo</span> <span class='ocrx_word' id='word_1_169' title='bbox 2186 3925 2485 4032; x_wconf 57' lang='lat' dir='ltr'>praevert:</span> 
     </span>
     <span class='ocr_line' id='line_1_30' title="bbox 797 4035 1301 4121; baseline 0.006 -22"><span class='ocrx_word' id='word_1_170' title='bbox 797 4076 850 4114; x_wconf 67' lang='lat'>‚2</span> <span class='ocrx_word' id='word_1_171' title='bbox 889 4035 963 4100; x_wconf 76' lang='lat' dir='ltr'>ti.</span> <span class='ocrx_word' id='word_1_172' title='bbox 1005 4035 1137 4105; x_wconf 71' lang='grc' dir='ltr'>διο.</span> <span class='ocrx_word' id='word_1_173' title='bbox 1180 4082 1226 4121; x_wconf 73' lang='grc'>,,</span> <span class='ocrx_word' id='word_1_174' title='bbox 1268 4040 1301 4121; x_wconf 90' lang='grc'>]</span> 
     </span>
    </p>
   </div>
  </div>
 </body>
</html>
