2742 4592
239 449 325 516 C.
349 446 442 518 11.
465 444 702 537 Seript.
731 446 986 535 geneal.
1007 442 1226 515 Ptine.
1246 442 1431 515 Aust.
1474 452 1651 531 gent.
1695 440 1951 513 Habsb.
2036 450 2165 519 αι’
2336 440 2349 471 “

237 659 434 743 reich
453 716 483 761 ‚
549 653 936 759 Neusiadt.
1015 684 1048 743 1
1065 664 1262 769 596.
1309 656 1402 741 in
1459 678 1637 763 4to.
1704 644 2134 744 inferioris

240 778 574 867 ordinis
619 776 758 866 est.
806 820 890 841 --
934 776 1244 865 IOAN.
1289 776 1652 882 RASSII
1697 778 1952 877 genesis
2000 784 2161 861 Au-

73 941 82 956 ·
220 898 510 1013 firiaco
531 965 560 1006 ,
647 897 788 986 seu
866 899 1364 1015 genealogia
1457 892 2165 987 serenissimorum
2226 937 2237 952 =

107 1043 114 1057 ·
207 1018 838 1113 Archiducum
899 1020 1282 1109 Austriae
1332 1012 1695 1105 deduEta
1758 1044 1866 1105 ex
1927 1045 2161 1105 vetu-

239 1140 572 1229 stiffima
664 1138 1102 1229 illustrium
1201 1141 1647 1229 Comitum
1711 1136 2157 1229 Habsbur·

241 1260 632 1378 genfium
695 1252 1130 1375 prosapia,
1219 1288 1271 1349 a
1327 1256 1813 1348 doffiffimis
1872 1260 2148 1373 poetis

239 1384 558 1471 Ioanne
650 1382 1038 1468 Pintiano
1077 1443 1107 1486 ‚
1219 1380 1519 1468 Vlrico
1608 1380 1991 1468 Hutteno
2068 1404 2155 1471 et

239 1502 532 1593 loann.
612 1500 1016 1616 Engerdo
1089 1504 1467 1591 carmine
1525 1499 1995 1615 conscripta
2062 1526 2147 1590 et

236 1625 336 1709 in
409 1648 713 1711 eorum
773 1622 1270 1737 Principum
1345 1624 1771 1709 honorem
1837 1650 2172 1738 conge-1

227 1742 396 1848 sta,
459 1744 624 1831 {ine
671 1744 866 1831 loco
913 1768 998 1830 et
1067 1772 1290 1831 anno
1344 1746 1769 1859 primum,
1831 1766 2016 1830 tum
2062 1767 2148 1830 et

234 1864 781 1953 ,constantiae
831 1888 1080 1978 1594.
1125 1868 1415 1974 in4t0.
1455 1864 1843 1981 evulgata
1862 1858 2149 1954 fuit.-··
2256 1871 2265 1888 '

235 1984 796 2075 CASPARIS
893 1984 1112 2073 ENS
1177 1983 1405 2075 fama
1472 1986 1956 2089 Austriaca,
2002 2012 2147 2067 von

226 2105 364 2191 der
411 2098 854 2209 Biihmifthen
941 2107 1230 2191 Vnruhe
1245 2174 1275 2213 ,
1363 2104 1517 2191 und
1586 2104 2149 2212 Stammregister

169 2240 196 2247 “
225 2224 354 2316 des
417 2221 702 2333 Hausbs
765 2223 1241 2333 Oesthrreich,
1309 2226 1719 2313 Coloniae
1781 2228 1885 2311 16
1896 2251 2000 2341 27
2050 2228 2145 2313 in
2268 2330 2289 2349 .

231 2370 418 2457 4t0.
475 2346 833 2463 procusa
920 2346 1098 2437 suit.
1191 2394 1276 2415 -·-
1335 2345 1939 2441 OCTAVIVS
2032 2345 2143 2433 de

229 2466 730 2559 STRADA
805 2474 882 2553 in
937 2470 1334 2575 genealogus
1390 2468 1665 2552 Domus
1756 2468 2145 2552 Habsbur·

35 2601 37 2604 ’
217 2588 490 2699 gensis,
557 2581 951 2679 Francos.
1021 2594 1242 2700 1615
1313 2590 1405 2674 in
1448 2582 1601 2681 fol.
1643 2589 1863 2703 typis
1917 2587 2137 2695 data,

223 2737 410 2800 non
455 2702 726 2797 solum
773 2710 1118 2797 Ducum
1175 2732 1260 2804 et
1315 2709 1911 2801 Archi-aucum
1969 2712 2149 2797 Au·

217 2830 468 2918 striae
511 2830 1130 2947 genealogiam,
1178 2828 1319 2915 sed
1356 2832 1607 2915 etiam
1642 2830 2147 2923 numismata

217 2958 846 3066 Imperatorum
898 2952 1282 3038 eiusdem
1327 2943 1695 3036 familiae
1764 2953 2150 3065 explicat.

229 3118 314 3137 -
377 3068 640 3185 [Alia
689 3070 1102 3159 eiusdem²
1145 3070 1548 3179 genealogia
1594 3071 1929 3159 Domus
1990 3078 2150 3156 Au·

215 3188 528 3297 [Iriacae
574 3222 660 3292 ‚a
753 3192 1236 3281 Comitibus
1316 3190 1805 3306 Aldeburgi
1834 3255 1863 3294 ‚
1950 3190 2151 3299 Sigo-

225 3310 428 3398 berto
482 3312 796 3401 scilicet
861 3316 1146 3431 primo
1192 3313 1583 3416 Comite,
1648 3339 1777 3405 an.
1834 3310 2143 3401 Christi

225 3448 431 3534 810·
495 3433 901 3545 dedufi'ta,
945 3462 1217 3548 usque
1273 3430 1383 3521 ad
1426 3430 1990 3546 Rudolphum
2054 3434 2145 3529 ΙΙ.

223 3557 478 3671 Imp.⁸
515 3556 752 3643 nullo
836 3555 1190 3669 quidem
1281 3553 1804 3641 documento
1887 3553 2144 3641 robo-

216 3696 450 3783 rata,
509 3679 769 3765 unico
836 3677 1152 3767 constat
1203 3672 1857 3790 folioexpanso,
1904 3673 2145 3784 quod

225 3798 850 3915 adglutinatam
903 3798 1018 3888 est
1066 3798 1346 3886 codici
1410 3796 1593 3883 MS.
1660 3794 1979 3881 Caesar.
2028 3794 2149 3881 bi-

223 3916 528 4017 blioth,
595 3948 675 4015 n.
727 3924 926 4041 586.
1008 3968 1094 3987 —
1141 3916 1182 4039 ]
1241 3915 1813 4013 ANONYMI
1866 3912 2151 4147 tagulae
2200 3976 2209 3991 .
