2742 4592
575 416 622 465 a
899 389 988 463 L.
1009 388 1064 461 L
1091 382 1330 477 Script.
1347 375 1697 478 hist-prov.
1721 390 1937 459 Germ.
1954 384 2143 457 Austi

572 580 736 674 ess‘e
807 577 1168 669 videtur.
1313 582 1757 673 Praetereo
1834 562 2117 673 autem
2192 576 2302 669 de
2378 582 2504 667 in·
2626 628 2649 649 ι
2691 663 2708 712 .-

572 701 882 793 dustria
955 701 1485 792 monimenta
1548 704 1687 793 illa
1765 726 2051 793 vetera
2124 723 2209 787 et
2264 728 2507 815 pere·-

571 826 873 941 grina,
953 820 1551 913 Romanorum
1621 851 1893 938 aeque
1956 848 2057 909 ae
2124 820 2503 908 Graeco-

567 970 811 1046 rum,
875 941 968 1027 in
1003 940 1355 1053 quibus,
1398 941 1563 1029 ὦςε
1566 936 1915 1042 νπαροὸῳ
1943 937 2245 1045 solum,
2290 966 2509 1027 non-

383 1047 430 1085 ”’
567 1062 827 1153 nulla
839 1058 949 1149 ad
989 1057 1523 1166 universam,
1586 1084 1757 1172 qua
1796 1058 1983 1146 late
2012 1083 2268 1199 patet,
2294 1059 2513 1149 Ger·

372 1176 388 1192 ’
573 1183 948 1273 maniam
1013 1182 1541 1269 Austriaeam
1606 1180 2177 1292 pertinentia,
2288 1173 2509 1267 refe·

567 1325 902 1393 runtura·
1021 1291 1618 1403 Quamobretn
1652 1300 1927 1387 nullus
1991 1298 2137 1387 hic
2192 1294 2509 1387 C.1V-

565 1420 772 1517 LIO
843 1419 1387 1516 CAESARI,
1478 1414 1987 1506 VELLEIO
2076 1418 2509 1509 PATER-

556 1538 974 1647 CVLO,
1078 1540 1176 1627 C.
1299 1536 1905 1627 CORNELIO
1978 1538 2509 1646 TACITO,

565 1659 1150 1752 AMMIANO
1243 1654 2085 1770 MARCELLINO,
2166 1658 2505 1751 DIONI

569 1778 972 1871 CASSIO
997 1842 1024 1883 ,
1087 1770 1441 1891 aliisque
1484 1778 1664 1865 eius
1690 1780 2026 1893 generis
2072 1779 2501 1868 historicis

572 1902 812 1989 loeus
842 1966 871 2005 ,
935 1926 1316 2010 quorum
1349 1924 1612 2011 opera
1695 1898 1794 1985 cl.
1858 1896 2172 1989 IOAN.
2247 1900 2505 1989 ALB.

569 2021 786 2111 ΕΑΒ
797 2017 1174 2109 RICIVS
1235 2016 1647 2104 bibliothecis
1697 2018 1869 2107 suis
1952 2042 2127 2107 tam
2218 2024 2507 2105 Graeca

573 2168 838 2253 quam
907 2140 1225 2245 Latina,
1293 2141 1683 2226 omnium
1732 2138 2339 2255 adcuratiisune
2374 2168 2503 2229 te-

573 2257 870 2348 censet.
989 2260 1253 2349 Nulla
1315 2284 1673 2374 quoque
1741 2262 2321 2345 Germanicarum
2383 2288 2507 2345 re-

413 2440 425 2455 .
570 2406 735 2465 rum
783 2376 1203 2489 firmorum
1279 2380 1810 2495 generalium
1830 2446 1859 2488 ,
1945 2382 2503 2494 quantumvis

573 2499 1287 2603 domesticorum,
1351 2498 1460 2586 de
1506 2498 1822 2614 quibus
1859 2500 2254 2587 bibliotheca
2280 2500 2509 2583 Stru-

569 2626 694 2705 vio
712 2664 743 2683 —
769 2620 1188 2705 Buderiana
1270 2616 1801 2708 uberrimam
1845 2616 2036 2709 sane
2106 2618 2505 2710 notitiam
2604 2722 2619 2731 ‚

567 2738 1082 2855 suppeditat,
1145 2735 1598 2829 habebitur
1648 2741 1912 2855 ratio;
1974 2738 2117 2828 sed
2188 2768 2495 2829 eorum

573 2856 1011 2947 dumtaxat
1055 2926 1086 2968 ‚
1189 2861 1391 2974 qui,
1498 2860 1735 2949 dum
1747 2858 2273 2968 Wscriberent
2355 2886 2500 2947 res

569 2980 1043 3069 Austriaeas
1114 2981 1506 3095 principe
1566 2982 1813 3090 1000,
1922 2978 2033 3069 de
2120 2978 2501 3071 consulto

569 3127 774 3215 prae
828 3100 1092 3187 oculis
1132 3097 1631 3217 habuerunt.
1753 3096 2015 3203 Quod
2062 3098 2272 3187 dum
2331 3127 2505 3216 pro

571 3219 906 3307 viribus
939 3220 1350 3333 praestare
1396 3218 1951 3329 conabimur,
2043 3220 2300 3309 telam
2350 3248 2507 3309 no·

569 3339 822 3428 stram
888 3338 1000 3427 ab
1067 3340 1226 3427 illis
1327 3337 1815 3451 ordiemur,
1899 3341 2053 3453 qui
2114 3338 2505 3429 anaores

569 3461 900 3575 patriae
949 3460 1277 3550 nostrae
1314 3455 1744 3549 historiam
1786 3458 2323 3568 illustrante3‚
2382 3456 2507 3549 fe·

572 3580 719 3667 liei
765 3602 1072 3665 conatu
1131 3581 1223 3666 in
1284 3596 1575 3683 corpora,
1628 3578 1861 3667 velut
1924 3582 2011 3671 &
2070 3526 2503 3673 COL'LE-

573 3696 1091 3793 CTIONES
1143 3699 1555 3814 quasdam
1596 3696 2167 3817 redegerunt,
2227 3696 2503 3816 prelo-

2202 3848 2376 3935 que
