2742 4592
579 471 700 529 112
827 472 832 483 ·
909 452 995 525 L.
1017 456 1072 527 1.
1095 454 1489 548 Script.hist.
1510 456 1941 547 prowfierm.
1964 421 2145 528 Aust.

575 619 769 705 stria
808 608 1363 735 susceperunt:
1392 621 1495 708 D.
1516 616 1986 709 KOLLER
2028 616 2137 705 de
2176 618 2495 712 MOH-

570 738 1149 846 RENFELS,
1251 741 1377 829 D..
1466 741 1686 830 IAC.
1796 738 2285 834 ERNEST.
2374 744 2488 833 de

572 860 1116 965 CERRONI,
1161 861 1263 948 D.
1294 860 1401 947 de
1422 856 1977 966 IANDEGG,
2002 862 2108 947 D.
2142 860 2493 953 GEOR.

573 928 1117 1070 IOSEPHVS'
1184 982 1292 1077 de
1355 926 2005 1085 MAISTERN,¹
2074 1005 2159 1067 et
2225 984 2329 1071 D.
2376 984 2491 1073 de

568 1102 1084 1215 HVEBER3
1135 1127 1440 1189 verum
1494 1099 1878 1189 universa
1951 1045 2303 1189 i’storum
2350 1132 2497 1193 co·

569 1248 808 1329 nata,
870 1222 1182 1311 inedita
1256 1218 1587 1327 adhue,
1666 1221 1883 1309 inter
1950 1221 2282 1355 cimelia
2349 1252 2497 1341 pa

559 1344 765 1431 triae
817 1341 1377 1458 manuscripta
1432 1340 1709 1429 latent.

743 1460 838 1547 In
895 1461 1312 1547 calendariis
1357 1458 1847 1559 Graecenlibus
1912 1460 2021 1549 ab
2056 1491 2187 1552 an.
2248 1490 2279 1549 1
2296 1467 2478 1577 760

561 1582 902 1671 historia
960 1581 1379 1697 quaedam
1434 1582 1808 1695 Styriae‚
1868 1580 2165 1669 labore
2216 1585 2317 1671 R.
2364 1586 2485 1683 R

571 1706 671 1792 P·.
738 1706 841 1797 P.
909 1705 1457 1809 Cappucinorum
1564 1698 1957 1809 collefih,
2058 1702 2484 1813 habetur,

567 1852 833 1937 quae,
915 1822 976 1911 fi
1037 1820 1349 1910 laudati
1403 1821 1795 1909 nonnulli
1878 1818 2293 1911 mekotes
2341 1823 2489 1915 alii

565 1942 1068 2049 demantur,
1165 1911 1685 2059 potiffimum
1766 1970 1876 2029 ex
1954 1944 2209 2061 paulo
2287 1973 2485 2033 ante

571 2088 1248 2151 commemorato
1321 2064 1661 2185 Styriae
1764 2061 2175 2155 chronico
2284 2064 2477 2155 MS.

569 2183 1014 2299 depromta
1070 2175 1429 2270 videtur

742 2302 980 2389 Illust.
1053 2305 1158 2391 D.
1218 2300 1826 2394 ERNESTVS
1888 2222 2479 2395 HENRICVS

564 2426 650 2513 S.
708 2420 813 2509 R.
847 2424 903 2509 Ι.
944 2422 1256 2510 Comes
1306 2421 1416 2510 de
1466 2423 2282 2513 WILDENSTEIN
2312 2453 2481 2513 res·

560 2542 921 2660 patriae,
981 2542 1191 2629 dum
1249 2542 1601 2645 viveret,
1644 2544 2035 2661 singulari
2070 2573 2271 2633 cum
2327 2544 2449 2633 sol

558 2660 995 2752 licitudine
1082 2661 1642 2779 perscrutatus
1724 2667 1887 2773 est,
1970 2692 2225 2782 atque
2290 2668 2479 2779 post

351 2804 388 2825 ·
555 2786 1108 2872 immaturum
1171 2780 1508 2871 obitum
1569 2781 1815 2873 suum
1872 2788 2183 2903 viginti
2238 2787 2477 2917 vplu·

559 2907 792 2993 mina
823 2906 1405 3009 collee'taneormm
1456 2931 1675 3017 quae
1718 2904 2471 3019 Landessamtungen

561 3010 1056 3142 appellavit,
1119 3052 1379 3114 manu
1441 3050 1770 3115 exarata
1835 3029 2204 3143 reliquit.

735 3146 894 3233 His
934 3140 1355 3261 submngo
1404 3144 1508 3232 D.
1570 3146 2009 3237 IOSEPHI
2054 3148 2160 3237 de
2210 3147 2475 3237 BAv-

557 3265 1071 3355 MEISTER
1153 3265 1806 3355 recentiffimum
1908 3270 2471 3385 opusculum.

585 3388 888 3492 Versuch
977 3394 1166 3469 einer
1249 3386 1865 3495 Staatsgeschichte
1968 3419 2112 3477 von
2188 3394 2469 3499 Steyer·

572 3513 798 3595 mark.
936 3510 1084 3593 Von
1139 3506 1272 3591 den
1328 3506 1555 3608 ersten
1616 3496 1868 3593 Zeiten
1926 3516 2103 3597 nach
2170 3516 2295 3601 Ch.
2366 3514 2461 3599 G.
2487 3564 2493 3571 -

555 3630 666 3714 bis
725 3626 876 3729 auf
919 3628 1052 3713 den
1125 3635 1278 3713 im
1263 3631 1513 3714 Iahre
1584 3652 1620 3719 1
1636 3634 1813 3743 246
1872 3628 2213 3742 erfolgten
2330 3634 2475 3717 Ὶὸά

557 3748 999 3835 Friedericbs
1057 3748 1176 3832 des
1239 3748 1597 3845 Streitbar
1598 3778 1681 3836 en
1693 3818 1721 3858 ,
1802 3750 1921 3836 des
1964 3756 2223 3844 Ietzten
2262 3756 2461 3839 Her-

555 3896 718 3981 zogs
775 3898 916 3957 von
981 3866 1417 3982 Oestmeich
1474 3870 1625 3957 und
1707 3874 1956 3983 Steyer
1976 3942 2004 3981 ,
2089 3904 2224 3961 aus
2310 3878 2461 3959 dem

2194 3994 2343 4079 Ba-
