<?xml version="1.0" encoding="UTF-8"?>
<!DOCTYPE html PUBLIC "-//W3C//DTD XHTML 1.0 Transitional//EN"
    "http://www.w3.org/TR/xhtml1/DTD/xhtml1-transitional.dtd">
<html xmlns="http://www.w3.org/1999/xhtml" xml:lang="en" lang="en">
 <head>
  <title>
</title>
<meta http-equiv="Content-Type" content="text/html;charset=utf-8" />
  <meta name='ocr-system' content='tesseract 3.04.00' />
  <meta name='ocr-capabilities' content='ocr_page ocr_carea ocr_par ocr_line ocrx_word'/>
</head>
<body>
  <div class='ocr_page' id='page_1' title='image "./specimenbibliot00vogegoog_0132.png"; bbox 0 0 2742 4592; ppageno 0'>
   <div class='ocr_carea' id='block_1_1' title="bbox 379 428 2168 525">
    <p class='ocr_par' dir='ltr' id='par_1_1' title="bbox 379 428 2168 525">
     <span class='ocr_line' id='line_1_1' title="bbox 379 428 2168 525; baseline 0.003 -24"><span class='ocrx_word' id='word_1_1' title='bbox 379 433 463 501; x_wconf 89' lang='lat' dir='ltr'>C.</span> <span class='ocrx_word' id='word_1_2' title='bbox 517 431 604 500; x_wconf 91' lang='grc' dir='ltr'>Π.</span> <span class='ocrx_word' id='word_1_3' title='bbox 637 436 686 519; x_wconf 72' lang='grc' dir='ltr'>ς.</span> <span class='ocrx_word' id='word_1_4' title='bbox 708 434 799 503; x_wconf 87' lang='grc' dir='ltr'>Π.</span> <span class='ocrx_word' id='word_1_5' title='bbox 833 428 1145 519; x_wconf 83' lang='lat' dir='ltr'>Scriptor.</span> <span class='ocrx_word' id='word_1_6' title='bbox 1183 428 1340 500; x_wconf 73' lang='lat' dir='ltr'>ffist.</span> <span class='ocrx_word' id='word_1_7' title='bbox 1388 431 1699 520; x_wconf 78' lang='lat' dir='ltr'><strong>speciales</strong></span> <span class='ocrx_word' id='word_1_8' title='bbox 1749 435 1917 525; x_wconf 82' lang='lat' dir='ltr'>Styr.</span> <span class='ocrx_word' id='word_1_9' title='bbox 2050 454 2168 517; x_wconf 79' lang='lat'>103</span> 
     </span>
    </p>
   </div>
   <div class='ocr_carea' id='block_1_2' title="bbox 205 622 2259 3261">
    <p class='ocr_par' dir='ltr' id='par_1_2' title="bbox 205 622 2259 3261">
     <span class='ocr_line' id='line_1_2' title="bbox 247 622 2171 743; baseline 0.002 -34"><span class='ocrx_word' id='word_1_10' title='bbox 247 622 350 709; x_wconf 86' lang='lat' dir='ltr'>fis</span> <span class='ocrx_word' id='word_1_11' title='bbox 437 624 649 711; x_wconf 90' lang='lat' dir='ltr'>locis</span> <span class='ocrx_word' id='word_1_12' title='bbox 725 624 1298 712; x_wconf 81' lang='lat' dir='ltr'>meminimus,</span> <span class='ocrx_word' id='word_1_13' title='bbox 1444 626 1994 743; x_wconf 88' lang='lat' dir='ltr'>Praecipuam</span> <span class='ocrx_word' id='word_1_14' title='bbox 2064 654 2171 713; x_wconf 84' lang='lat' dir='ltr'>ex</span> 
     </span>
     <span class='ocr_line' id='line_1_3' title="bbox 239 740 2163 861; baseline 0.001 -31"><span class='ocrx_word' id='word_1_15' title='bbox 239 744 469 833; x_wconf 88' lang='lat' dir='ltr'>illius</span> <span class='ocrx_word' id='word_1_16' title='bbox 533 740 988 860; x_wconf 72' lang='lat' dir='ltr'>operibuS‚</span> <span class='ocrx_word' id='word_1_17' title='bbox 1049 743 1685 861; x_wconf 84' lang='lat' dir='ltr'>Norimbergae</span> <span class='ocrx_word' id='word_1_18' title='bbox 1746 778 1873 835; x_wconf 90' lang='lat' dir='ltr'>an.</span> <span class='ocrx_word' id='word_1_19' title='bbox 1946 773 2163 858; x_wconf 88' lang='lat'>1740</span> 
     </span>
     <span class='ocr_line' id='line_1_4' title="bbox 237 858 2161 983; baseline 0.001 -33"><span class='ocrx_word' id='word_1_20' title='bbox 237 867 328 950; x_wconf 91' lang='lat' dir='ltr'>in</span> <span class='ocrx_word' id='word_1_21' title='bbox 365 858 550 952; x_wconf 67' lang='lat' dir='ltr'>fol.</span> <span class='ocrx_word' id='word_1_22' title='bbox 613 866 1077 983; x_wconf 74' lang='lat' dir='ltr'>evulgati8‚</span> <span class='ocrx_word' id='word_1_23' title='bbox 1141 864 1479 953; x_wconf 88' lang='lat' dir='ltr'>laudem</span> <span class='ocrx_word' id='word_1_24' title='bbox 1544 894 1977 955; x_wconf 86' lang='lat' dir='ltr'>merentur</span> <span class='ocrx_word' id='word_1_25' title='bbox 2040 896 2161 951; x_wconf 79' lang='lat' dir='ltr'>on-</span> 
     </span>
     <span class='ocr_line' id='line_1_5' title="bbox 235 986 2167 1104; baseline 0.003 -37"><span class='ocrx_word' id='word_1_26' title='bbox 235 987 438 1069; x_wconf 80' lang='lat' dir='ltr'>mles</span> <span class='ocrx_word' id='word_1_27' title='bbox 500 986 912 1095; x_wconf 73' lang='lat' dir='ltr'>Styrenses,</span> <span class='ocrx_word' id='word_1_28' title='bbox 979 987 1128 1097; x_wconf 88' lang='lat' dir='ltr'>qui</span> <span class='ocrx_word' id='word_1_29' title='bbox 1189 1014 1364 1090; x_wconf 78' lang='lat' dir='ltr'>non</span> <span class='ocrx_word' id='word_1_30' title='bbox 1425 987 1693 1074; x_wconf 77' lang='lat' dir='ltr'>{olum</span> <span class='ocrx_word' id='word_1_31' title='bbox 1730 988 2167 1104; x_wconf 81' lang='lat' dir='ltr'>originem</span> 
     </span>
     <span class='ocr_line' id='line_1_6' title="bbox 235 1099 2171 1225; baseline -0.001 -33"><span class='ocrx_word' id='word_1_32' title='bbox 235 1133 338 1192; x_wconf 84' lang='lat' dir='ltr'>ac</span> <span class='ocrx_word' id='word_1_33' title='bbox 399 1099 570 1193; x_wconf 90' lang='lat' dir='ltr'>fata</span> <span class='ocrx_word' id='word_1_34' title='bbox 643 1104 1088 1219; x_wconf 76' lang='lat' dir='ltr'>singularia</span> <span class='ocrx_word' id='word_1_35' title='bbox 1173 1106 1529 1195; x_wconf 88' lang='lat' dir='ltr'>civitatis</span> <span class='ocrx_word' id='word_1_36' title='bbox 1614 1108 1907 1219; x_wconf 82' lang='lat' dir='ltr'>Styrae</span> <span class='ocrx_word' id='word_1_37' title='bbox 2000 1104 2171 1225; x_wconf 90' lang='lat' dir='ltr'>spe-</span> 
     </span>
     <span class='ocr_line' id='line_1_7' title="bbox 235 1223 2170 1330; baseline 0.001 -19"><span class='ocrx_word' id='word_1_38' title='bbox 235 1226 584 1330; x_wconf 85' lang='lat' dir='ltr'>ciatim,</span> <span class='ocrx_word' id='word_1_39' title='bbox 669 1223 812 1312; x_wconf 89' lang='lat' dir='ltr'>sed</span> <span class='ocrx_word' id='word_1_40' title='bbox 871 1251 954 1313; x_wconf 90' lang='lat' dir='ltr'>et</span> <span class='ocrx_word' id='word_1_41' title='bbox 1031 1224 1458 1314; x_wconf 86' lang='lat' dir='ltr'>historiam</span> <span class='ocrx_word' id='word_1_42' title='bbox 1543 1228 2170 1323; x_wconf 85' lang='lat' dir='ltr'>Archiducatus</span> 
     </span>
     <span class='ocr_line' id='line_1_8' title="bbox 227 1345 2175 1463; baseline -0.001 -31"><span class='ocrx_word' id='word_1_43' title='bbox 227 1346 627 1433; x_wconf 88' lang='lat' dir='ltr'>Austriae</span> <span class='ocrx_word' id='word_1_44' title='bbox 643 1345 1144 1459; x_wconf 76' lang='lat' dir='ltr'>Scyriaeque</span> <span class='ocrx_word' id='word_1_45' title='bbox 1204 1350 1677 1461; x_wconf 79' lang='lat' dir='ltr'>generatim</span> <span class='ocrx_word' id='word_1_46' title='bbox 1730 1374 2175 1463; x_wconf 82' lang='lat' dir='ltr'>exponunt</span> 
     </span>
     <span class='ocr_line' id='line_1_9' title="bbox 229 1460 2165 1579; baseline 0.003 -30"><span class='ocrx_word' id='word_1_47' title='bbox 229 1465 440 1549; x_wconf 80' lang='lat' dir='ltr'>libris</span> <span class='ocrx_word' id='word_1_48' title='bbox 479 1468 746 1571; x_wconf 73' lang='lat' dir='ltr'>dcem,</span> <span class='ocrx_word' id='word_1_49' title='bbox 809 1491 1182 1579; x_wconf 85' lang='lat' dir='ltr'>quorum</span> <span class='ocrx_word' id='word_1_50' title='bbox 1203 1473 1481 1573; x_wconf 83' lang='lat' dir='ltr'>primus</span> <span class='ocrx_word' id='word_1_51' title='bbox 1518 1460 1637 1553; x_wconf 63' lang='lat' dir='ltr'>”ab</span> <span class='ocrx_word' id='word_1_52' title='bbox 1687 1466 1900 1557; x_wconf 88' lang='lat' dir='ltr'>urbe</span> <span class='ocrx_word' id='word_1_53' title='bbox 1964 1496 2165 1555; x_wconf 90' lang='lat' dir='ltr'>con-</span> 
     </span>
     <span class='ocr_line' id='line_1_10' title="bbox 229 1584 2165 1699; baseline 0.002 -28"><span class='ocrx_word' id='word_1_54' title='bbox 229 1584 458 1689; x_wconf 77' lang='lat' dir='ltr'>dita,</span> <span class='ocrx_word' id='word_1_55' title='bbox 531 1588 615 1673; x_wconf 93' lang='lat' dir='ltr'>h.</span> <span class='ocrx_word' id='word_1_56' title='bbox 675 1614 746 1673; x_wconf 87' lang='lat' dir='ltr'>e.</span> <span class='ocrx_word' id='word_1_57' title='bbox 817 1612 1044 1673; x_wconf 89' lang='lat' dir='ltr'>anno</span> <span class='ocrx_word' id='word_1_58' title='bbox 1106 1587 1289 1699; x_wconf 90' lang='lat' dir='ltr'>post</span> <span class='ocrx_word' id='word_1_59' title='bbox 1355 1586 1787 1677; x_wconf 89' lang='lat' dir='ltr'>Christum</span> <span class='ocrx_word' id='word_1_60' title='bbox 1867 1594 2165 1677; x_wconf 78' lang='lat' dir='ltr'>natum</span> 
     </span>
     <span class='ocr_line' id='line_1_11' title="bbox 229 1703 2259 1821; baseline 0.002 -30"><span class='ocrx_word' id='word_1_61' title='bbox 229 1728 414 1817; x_wconf 83' lang='lat'>735</span> <span class='ocrx_word' id='word_1_62' title='bbox 477 1706 936 1820; x_wconf 75' lang='lat' dir='ltr'>incipienS,</span> <span class='ocrx_word' id='word_1_63' title='bbox 1028 1703 1321 1792; x_wconf 78' lang='lat' dir='ltr'>desinit</span> <span class='ocrx_word' id='word_1_64' title='bbox 1380 1735 1603 1795; x_wconf 89' lang='lat' dir='ltr'>anno</span> <span class='ocrx_word' id='word_1_65' title='bbox 1700 1724 1981 1821; x_wconf 80' lang='lat'>11883</span> <span class='ocrx_word' id='word_1_66' title='bbox 2050 1706 2165 1812; x_wconf 63' lang='lat' dir='ltr'>J}-</span> <span class='ocrx_word' id='word_1_67' title='bbox 2237 1739 2259 1779; x_wconf 88' lang='grc'>·-</span> 
     </span>
     <span class='ocr_line' id='line_1_12' title="bbox 225 1826 2155 1940; baseline 0.004 -34"><span class='ocrx_word' id='word_1_68' title='bbox 225 1826 508 1908; x_wconf 78' lang='lat' dir='ltr'>candus</span> <span class='ocrx_word' id='word_1_69' title='bbox 620 1854 844 1915; x_wconf 87' lang='lat' dir='ltr'>anno</span> <span class='ocrx_word' id='word_1_70' title='bbox 921 1840 1187 1940; x_wconf 74' lang='lat'>12823</span> <span class='ocrx_word' id='word_1_71' title='bbox 1248 1833 1509 1912; x_wconf 82' lang='lat' dir='ltr'>tertius</span> <span class='ocrx_word' id='word_1_72' title='bbox 1570 1852 1793 1917; x_wconf 85' lang='lat' dir='ltr'>anno</span> <span class='ocrx_word' id='word_1_73' title='bbox 1874 1854 2155 1937; x_wconf 80' lang='lat'><em>14043</em></span> 
     </span>
     <span class='ocr_line' id='line_1_13' title="bbox 223 1940 2155 2065; baseline 0.003 -36"><span class='ocrx_word' id='word_1_74' title='bbox 223 1961 550 2057; x_wconf 79' lang='lat' dir='ltr'>quartus</span> <span class='ocrx_word' id='word_1_75' title='bbox 593 1974 814 2033; x_wconf 88' lang='lat' dir='ltr'>anno</span> <span class='ocrx_word' id='word_1_76' title='bbox 915 1968 1182 2061; x_wconf 81' lang='lat'>14573</span> <span class='ocrx_word' id='word_1_77' title='bbox 1240 1952 1530 2057; x_wconf 74' lang='lat' dir='ltr'>quimus</span> <span class='ocrx_word' id='word_1_78' title='bbox 1577 1976 1801 2037; x_wconf 84' lang='lat' dir='ltr'>anno</span> <span class='ocrx_word' id='word_1_79' title='bbox 1878 1940 2155 2065; x_wconf 65' lang='lat' dir='ltr'>14o33</span> 
     </span>
     <span class='ocr_line' id='line_1_14' title="bbox 205 2060 2181 2183; baseline 0.003 -36"><span class='ocrx_word' id='word_1_80' title='bbox 205 2060 475 2170; x_wconf 69' lang='lat' dir='ltr'>betus</span> <span class='ocrx_word' id='word_1_81' title='bbox 537 2096 762 2155; x_wconf 86' lang='lat' dir='ltr'>anno</span> <span class='ocrx_word' id='word_1_82' title='bbox 838 2089 1106 2177; x_wconf 84' lang='lat'>15193</span> <span class='ocrx_word' id='word_1_83' title='bbox 1187 2066 1503 2175; x_wconf 64' lang='lat' dir='ltr'>kptimus</span> <span class='ocrx_word' id='word_1_84' title='bbox 1565 2096 1793 2156; x_wconf 87' lang='lat' dir='ltr'>anno</span> <span class='ocrx_word' id='word_1_85' title='bbox 1870 2070 2181 2183; x_wconf 62' lang='grc'>15643-</span> 
     </span>
     <span class='ocr_line' id='line_1_15' title="bbox 225 2180 2151 2299; baseline 0.001 -28"><span class='ocrx_word' id='word_1_86' title='bbox 225 2190 542 2271; x_wconf 52' lang='lat' dir='ltr'>&amp;avus</span> <span class='ocrx_word' id='word_1_87' title='bbox 621 2215 846 2277; x_wconf 89' lang='lat' dir='ltr'>anno</span> <span class='ocrx_word' id='word_1_88' title='bbox 943 2180 1212 2299; x_wconf 84' lang='lat'>15763</span> <span class='ocrx_word' id='word_1_89' title='bbox 1295 2213 1511 2273; x_wconf 80' lang='lat' dir='ltr'>nonus</span> <span class='ocrx_word' id='word_1_90' title='bbox 1572 2215 1795 2275; x_wconf 88' lang='lat' dir='ltr'>anno</span> <span class='ocrx_word' id='word_1_91' title='bbox 1873 2191 2151 2297; x_wconf 65' lang='lat'><em>16085</em></span> 
     </span>
     <span class='ocr_line' id='line_1_16' title="bbox 225 2304 2147 2423; baseline -0.001 -31"><span class='ocrx_word' id='word_1_92' title='bbox 225 2304 537 2392; x_wconf 79' lang='lat' dir='ltr'>decimus</span> <span class='ocrx_word' id='word_1_93' title='bbox 598 2308 942 2395; x_wconf 85' lang='lat' dir='ltr'>tandem</span> <span class='ocrx_word' id='word_1_94' title='bbox 1022 2334 1245 2394; x_wconf 85' lang='lat' dir='ltr'>anno</span> <span class='ocrx_word' id='word_1_95' title='bbox 1321 2336 1350 2394; x_wconf 91' lang='lat'>1</span> <span class='ocrx_word' id='word_1_96' title='bbox 1372 2313 1544 2423; x_wconf 91' lang='lat'>619</span> <span class='ocrx_word' id='word_1_97' title='bbox 1627 2309 2147 2395; x_wconf 87' lang='lat' dir='ltr'>terminatur.</span> 
     </span>
     <span class='ocr_line' id='line_1_17' title="bbox 229 2424 2146 2535; baseline -0.003 -21"><span class='ocrx_word' id='word_1_98' title='bbox 229 2426 509 2514; x_wconf 83' lang='lat' dir='ltr'>Iidem</span> <span class='ocrx_word' id='word_1_99' title='bbox 585 2427 975 2531; x_wconf 87' lang='lat' dir='ltr'>annales,</span> <span class='ocrx_word' id='word_1_100' title='bbox 1053 2425 1348 2517; x_wconf 84' lang='lat' dir='ltr'>litteris</span> <span class='ocrx_word' id='word_1_101' title='bbox 1430 2430 1777 2515; x_wconf 86' lang='lat' dir='ltr'>minutis</span> <span class='ocrx_word' id='word_1_102' title='bbox 1850 2424 2099 2535; x_wconf 74' lang='lat' dir='ltr'>scrtpti</span> <span class='ocrx_word' id='word_1_103' title='bbox 2118 2490 2146 2533; x_wconf 91' lang='lat'><em>,</em></span> 
     </span>
     <span class='ocr_line' id='line_1_18' title="bbox 226 2542 2143 2660; baseline 0 -28"><span class='ocrx_word' id='word_1_104' title='bbox 226 2550 324 2632; x_wconf 88' lang='lat' dir='ltr'>in</span> <span class='ocrx_word' id='word_1_105' title='bbox 415 2546 934 2638; x_wconf 83' lang='lat' dir='ltr'>bibliotheca</span> <span class='ocrx_word' id='word_1_106' title='bbox 1007 2542 1348 2660; x_wconf 88' lang='lat' dir='ltr'>publica</span> <span class='ocrx_word' id='word_1_107' title='bbox 1396 2544 2143 2649; x_wconf 52' lang='lat' dir='ltr'>‘Vindobonensb</span> 
     </span>
     <span class='ocr_line' id='line_1_19' title="bbox 229 2660 2166 2785; baseline -0.002 -32"><span class='ocrx_word' id='word_1_108' title='bbox 229 2667 382 2753; x_wconf 88' lang='lat' dir='ltr'>cui</span> <span class='ocrx_word' id='word_1_109' title='bbox 441 2696 492 2755; x_wconf 74' lang='lat' dir='ltr'>a</span> <span class='ocrx_word' id='word_1_110' title='bbox 554 2664 998 2756; x_wconf 88' lang='lat' dir='ltr'>conditore</span> <span class='ocrx_word' id='word_1_111' title='bbox 1079 2666 1753 2785; x_wconf 84' lang='lat' dir='ltr'>Windhagianae</span> <span class='ocrx_word' id='word_1_112' title='bbox 1814 2660 2166 2756; x_wconf 67' lang='lat' dir='ltr'>nomen*</span> 
     </span>
     <span class='ocr_line' id='line_1_20' title="bbox 226 2784 2150 2899; baseline -0.001 -28"><span class='ocrx_word' id='word_1_113' title='bbox 226 2786 400 2891; x_wconf 86' lang='lat' dir='ltr'>est,</span> <span class='ocrx_word' id='word_1_114' title='bbox 487 2789 704 2874; x_wconf 82' lang='lat' dir='ltr'>inter</span> <span class='ocrx_word' id='word_1_115' title='bbox 740 2786 1178 2872; x_wconf 87' lang='lat' dir='ltr'>historicos</span> <span class='ocrx_word' id='word_1_116' title='bbox 1231 2817 1312 2875; x_wconf 92' lang='lat' dir='ltr'>n.</span> <span class='ocrx_word' id='word_1_117' title='bbox 1357 2812 1457 2897; x_wconf 86' lang='lat'>51</span> <span class='ocrx_word' id='word_1_118' title='bbox 1486 2820 1517 2877; x_wconf 90' lang='lat'>1</span> <span class='ocrx_word' id='word_1_119' title='bbox 1574 2788 1911 2876; x_wconf 83' lang='lat' dir='ltr'>exstant.</span> <span class='ocrx_word' id='word_1_120' title='bbox 1986 2784 2150 2899; x_wconf 86' lang='lat' dir='ltr'>[At</span> 
     </span>
     <span class='ocr_line' id='line_1_21' title="bbox 225 2900 2157 3024; baseline -0.002 -31"><span class='ocrx_word' id='word_1_121' title='bbox 225 2903 502 3023; x_wconf 84' lang='lat' dir='ltr'>longe</span> <span class='ocrx_word' id='word_1_122' title='bbox 561 2900 1028 3023; x_wconf 74' lang='lat' dir='ltr'>elegantins</span> <span class='ocrx_word' id='word_1_123' title='bbox 1091 2910 1521 3019; x_wconf 80' lang='lat' dir='ltr'>exemplar</span> <span class='ocrx_word' id='word_1_124' title='bbox 1566 2936 1766 2996; x_wconf 88' lang='lat' dir='ltr'>cum</span> <span class='ocrx_word' id='word_1_125' title='bbox 1814 2904 2157 3024; x_wconf 59' lang='lat' dir='ltr'>insigni-</span> 
     </span>
     <span class='ocr_line' id='line_1_22' title="bbox 238 3026 2161 3141; baseline -0.002 -28"><span class='ocrx_word' id='word_1_126' title='bbox 238 3028 411 3113; x_wconf 87' lang='lat' dir='ltr'>bus</span> <span class='ocrx_word' id='word_1_127' title='bbox 479 3026 777 3141; x_wconf 69' lang='lat' dir='ltr'>piais,</span> <span class='ocrx_word' id='word_1_128' title='bbox 887 3052 968 3111; x_wconf 88' lang='lat' dir='ltr'>et</span> <span class='ocrx_word' id='word_1_129' title='bbox 1052 3028 1522 3141; x_wconf 82' lang='lat' dir='ltr'>appendice</span> <span class='ocrx_word' id='word_1_130' title='bbox 1600 3026 1971 3133; x_wconf 85' lang='lat' dir='ltr'>inedita,</span> <span class='ocrx_word' id='word_1_131' title='bbox 2070 3030 2161 3112; x_wconf 89' lang='lat' dir='ltr'>in</span> 
     </span>
     <span class='ocr_line' id='line_1_23' title="bbox 225 3144 2153 3261; baseline 0.004 -30"><span class='ocrx_word' id='word_1_132' title='bbox 225 3144 756 3257; x_wconf 80' lang='lat' dir='ltr'>bibliotheca</span> <span class='ocrx_word' id='word_1_133' title='bbox 815 3146 1268 3234; x_wconf 79' lang='lat' dir='ltr'>Viennensi</span> <span class='ocrx_word' id='word_1_134' title='bbox 1326 3148 1432 3236; x_wconf 88' lang='lat' dir='ltr'>R.</span> <span class='ocrx_word' id='word_1_135' title='bbox 1465 3149 1577 3245; x_wconf 70' lang='lat' dir='ltr'>R.</span> <span class='ocrx_word' id='word_1_136' title='bbox 1632 3148 1824 3237; x_wconf 82' lang='lat' dir='ltr'><strong>P.P.</strong></span> <span class='ocrx_word' id='word_1_137' title='bbox 1854 3150 2153 3261; x_wconf 79' lang='lat' dir='ltr'>Augu-</span> 
     </span>
    </p>
   </div>
   <div class='ocr_carea' id='block_1_3' title="bbox 231 3266 2147 3499">
    <p class='ocr_par' dir='ltr' id='par_1_3' title="bbox 231 3266 2147 3499">
     <span class='ocr_line' id='line_1_24' title="bbox 231 3266 2147 3475; baseline -0.002 -120"><span class='ocrx_word' id='word_1_138' title='bbox 231 3266 796 3357; x_wconf 85' lang='lat' dir='ltr'>stinianorum</span> <span class='ocrx_word' id='word_1_139' title='bbox 857 3268 948 3353; x_wconf 91' lang='lat' dir='ltr'>in</span> <span class='ocrx_word' id='word_1_140' title='bbox 1005 3268 1184 3475; x_wconf 52' lang='lat' dir='ltr'>Vi&amp;</span> <span class='ocrx_word' id='word_1_141' title='bbox 1227 3268 1507 3385; x_wconf 86' lang='lat' dir='ltr'>Regia</span> <span class='ocrx_word' id='word_1_142' title='bbox 1584 3268 2147 3475; x_wconf 51' lang='lat' dir='ltr'>constelgyatur.</span> 
     </span>
     <span class='ocr_line' id='line_1_25' title="bbox 1239 3416 2093 3499; baseline 0 -24"><span class='ocrx_word' id='word_1_143' title='bbox 1239 3416 1304 3499; x_wconf 88' lang='lat'>4</span> <span class='ocrx_word' id='word_1_144' title='bbox 1879 3416 2037 3476; x_wconf 75' lang='lat' dir='ltr'>ius·</span> <span class='ocrx_word' id='word_1_145' title='bbox 2088 3442 2093 3449; x_wconf 92' lang='lat'><em>-</em></span> 
     </span>
    </p>
   </div>
   <div class='ocr_carea' id='block_1_4' title="bbox 418 3558 2167 3888">
    <p class='ocr_par' dir='ltr' id='par_1_4' title="bbox 418 3558 2167 3888">
     <span class='ocr_line' id='line_1_26' title="bbox 491 3558 2151 3673; baseline -0.001 -21"><span class='ocrx_word' id='word_1_146' title='bbox 491 3580 678 3653; x_wconf 82' lang='lat' dir='ltr'>urbis</span> <span class='ocrx_word' id='word_1_147' title='bbox 733 3590 986 3673; x_wconf 58' lang='lat' dir='ltr'>styra,</span> <span class='ocrx_word' id='word_1_148' title='bbox 1059 3598 1126 3651; x_wconf 88' lang='lat' dir='ltr'>et</span> <span class='ocrx_word' id='word_1_149' title='bbox 1183 3558 1402 3653; x_wconf 70' lang='lat' dir='ltr'>vieini</span> <span class='ocrx_word' id='word_1_150' title='bbox 1444 3580 1821 3653; x_wconf 83' lang='lat' dir='ltr'>monasterii</span> <span class='ocrx_word' id='word_1_151' title='bbox 1880 3584 2151 3668; x_wconf 71' lang='lat' dir='ltr'>Gavsson·</span> 
     </span>
     <span class='ocr_line' id='line_1_27' title="bbox 418 3682 2153 3801; baseline 0 -42"><span class='ocrx_word' id='word_1_152' title='bbox 418 3734 424 3744; x_wconf 85' lang='lat'><em>·</em></span> <span class='ocrx_word' id='word_1_153' title='bbox 467 3691 604 3782; x_wconf 74' lang='lat' dir='ltr'>fis,</span> <span class='ocrx_word' id='word_1_154' title='bbox 665 3712 790 3761; x_wconf 83' lang='lat' dir='ltr'>nec</span> <span class='ocrx_word' id='word_1_155' title='bbox 855 3682 986 3759; x_wconf 69' lang='lat' dir='ltr'>nori</span> <span class='ocrx_word' id='word_1_156' title='bbox 1040 3692 1469 3782; x_wconf 44' lang='lat' dir='ltr'>manufiriptis,</span> <span class='ocrx_word' id='word_1_157' title='bbox 1518 3688 1842 3761; x_wconf 82' lang='lat' dir='ltr'>Richardi</span> <span class='ocrx_word' id='word_1_158' title='bbox 1906 3694 2105 3801; x_wconf 62' lang='lat' dir='ltr'>Sfrein</span> <span class='ocrx_word' id='word_1_159' title='bbox 2130 3740 2153 3773; x_wconf 81' lang='lat'>,</span> 
     </span>
     <span class='ocr_line' id='line_1_28' title="bbox 483 3797 2167 3888; baseline -0.002 -19"><span class='ocrx_word' id='word_1_160' title='bbox 483 3797 938 3887; x_wconf 74' lang='lat' dir='ltr'>christophori</span> <span class='ocrx_word' id='word_1_161' title='bbox 979 3801 1256 3883; x_wconf 68' lang='lat' dir='ltr'>Iov-dani,</span> <span class='ocrx_word' id='word_1_162' title='bbox 1297 3797 1557 3888; x_wconf 85' lang='lat' dir='ltr'>Iosephi</span> <span class='ocrx_word' id='word_1_163' title='bbox 1598 3800 1996 3867; x_wconf 69' lang='lat' dir='ltr'>Grienboeck.</span> <span class='ocrx_word' id='word_1_164' title='bbox 2046 3800 2167 3867; x_wconf 84' lang='lat' dir='ltr'>Er-</span> 
     </span>
    </p>
   </div>
   <div class='ocr_carea' id='block_1_5' title="bbox 479 3904 2307 4001">
    <p class='ocr_par' dir='ltr' id='par_1_5' title="bbox 479 3904 2307 4001">
     <span class='ocr_line' id='line_1_29' title="bbox 479 3904 2307 4001; baseline 0 -24"><span class='ocrx_word' id='word_1_165' title='bbox 479 3904 677 3977; x_wconf 81' lang='lat' dir='ltr'>hardi</span> <span class='ocrx_word' id='word_1_166' title='bbox 744 3908 998 3977; x_wconf 72' lang='lat' dir='ltr'>Wildtiu·</span> <span class='ocrx_word' id='word_1_167' title='bbox 1011 3954 1034 3993; x_wconf 86' lang='lat'><strong>,</strong></span> <span class='ocrx_word' id='word_1_168' title='bbox 1096 3906 1485 4001; x_wconf 81' lang='lat' dir='ltr'>wolfgangi</span> <span class='ocrx_word' id='word_1_169' title='bbox 1544 3906 1983 3976; x_wconf 74' lang='lat' dir='ltr'>schitzenaueri</span> <span class='ocrx_word' id='word_1_170' title='bbox 2014 3956 2041 3991; x_wconf 85' lang='lat'>.,</span> <span class='ocrx_word' id='word_1_171' title='bbox 2100 3916 2173 3977; x_wconf 84' lang='lat' dir='ltr'>et</span> <span class='ocrx_word' id='word_1_172' title='bbox 2299 3952 2307 3957; x_wconf 88' lang='lat'><em>-</em></span> 
     </span>
    </p>
   </div>
   <div class='ocr_carea' id='block_1_6' title="bbox 471 4011 1997 4099">
    <p class='ocr_par' dir='ltr' id='par_1_6' title="bbox 471 4011 1997 4099">
     <span class='ocr_line' id='line_1_30' title="bbox 471 4011 1997 4099; baseline -0.003 -14"><span class='ocrx_word' id='word_1_173' title='bbox 471 4013 812 4086; x_wconf 81' lang='lat' dir='ltr'>Laurentii</span> <span class='ocrx_word' id='word_1_174' title='bbox 867 4017 1113 4091; x_wconf 62' lang='lat' dir='ltr'>Pia-blera·</span> <span class='ocrx_word' id='word_1_175' title='bbox 1147 4012 1264 4099; x_wconf 59' lang='lat' dir='ltr'>[seu</span> <span class='ocrx_word' id='word_1_176' title='bbox 1307 4014 1523 4083; x_wconf 73' lang='lat' dir='ltr'>Colum·</span> <span class='ocrx_word' id='word_1_177' title='bbox 1588 4014 1738 4085; x_wconf 78' lang='lat' dir='ltr'>usus</span> <span class='ocrx_word' id='word_1_178' title='bbox 1784 4011 1997 4099; x_wconf 65' lang='lat' dir='ltr'>fuit.)</span> 
     </span>
    </p>
   </div>
  </div>
 </body>
</html>
