2742 4592
434 449 441 456 ⁹
551 482 639 549 C.
679 480 733 550 Ι.
769 478 1077 569 scriptor.
1129 476 1348 547 histor.
1395 477 1681 565 general.
2042 500 2120 564 51

211 672 618 789 Continet
717 672 924 759 illud
1039 665 1338 758 funera
1414 700 1463 758 a
1542 666 2005 783 Rudolpho
2094 676 2127 761 Ι

209 792 560 880 Caesare
587 858 618 897 ‚
685 792 791 879 ad
851 796 1194 881 Annam
1256 794 1487 906 Aug.
1549 788 2125 879 Ferdinandil

211 908 677 1026 coniugem
741 913 848 1001 ab
909 912 1066 999 alia
1127 938 1409 997 tamen
1468 936 1726 997 manu
1766 912 1951 1023 post
1990 940 2123 999 an-

205 1060 420 1119 num
495 1037 724 1142 1468
789 1035 1291 1145 continuata.

381 1154 876 1260 Neci-elogium
937 1152 1418 1238 monasterii
1480 1152 1559 1238 S.
1621 1148 1841 1234 Pbtrt
1904 1153 2121 1235 Salis-

200 1273 556 1382 burgenfis
623 1302 674 1359 a
731 1272 1136 1361 sexcentis
1197 1273 1437 1357 annis
1524 1273 1613 1357 in
1698 1273 2119 1359 membra-

203 1422 310 1479 na
393 1390 802 1507 scriptum
822 1458 850 1497 ,
937 1390 1178 1504 quod
1261 1390 1711 1479 confitente
1794 1392 2121 1481 BERN.

201 1512 544 1602 PEZIO
566 1580 594 1617 ,
681 1514 892 1603 tomi
955 1512 1012 1598 Ι.
1073 1509 1387 1611 thesauri
1470 1518 1771 1598 anecdot.
1858 1518 2127 1624 novffi-

201 1642 296 1719 ni
341 1630 913 1719 differtatione
935 1630 1404 1747 isagogica,
1468 1632 1813 1735 mirum,
1860 1638 2149 1747 quan-·
2197 1664 2211 1677 “

203 1754 406 1839 'tum
467 1752 942 1840 Austriacas
1021 1778 1295 1867 aeque
1351 1780 1449 1839 ac
1508 1738 1935 1840 Badarieas
1994 1780 2127 1841 res
2233 1801 2260 1822 κ

209 1873 588 1961 illustrat.
1121 1880 1138 1891 '

385 1992 800 2080 Ceterum
859 1988 1032 2077 dici
1091 2016 1268 2077 non
1316 1989 1631 2104 potest,
1697 2017 2145 2103 quantum-

197 2113 582 2204 utilitatis
616 2139 724 2198 ex
751 2108 1192 2198 codicibus
1233 2108 1913 2199 TRADITION
1920 2113 2127 2217 VM,

201 2238 292 2323 in
349 2232 787 2335 Austriae,
848 2232 1100 2343 eique
1177 2251 1703 2317 annexarum
1781 2234 2121 2345 provin-

204 2358 538 2445 ciarum
639 2352 1156 2437 monasteriis
1219 2349 1665 2439 adservatis
1685 2417 1715 2459 ,
1798 2354 1891 2439 in
1950 2357 2132 2441 uni·
2296 2450 2313 2461 ,

205 2472 536 2563 versam
595 2470 1024 2561 historiam
1076 2468 1582 2559 Germaniae
1642 2472 2151 2562 Austriacae.

214 2590 736 2681 redundaret
780 2657 809 2696 ,
871 2590 930 2678 fi
988 2592 1080 2677 in
1138 2590 1585 2704 publicum
1649 2588 2133 2707 proferren-

153 2810 160 2819 ,
209 2728 378 2801 tur:
512 2709 681 2799 Sed
743 2738 1019 2825 quum
1101 2711 1644 2802 ecclesiarum·
1716 2712 2211 2828 praesules,
2354 2700 2367 2719 ⁶

203 2853 643 2936 metuant,
705 2858 816 2918 ne
844 2896 871 2934 ,
933 2832 1034 2918 iis
1095 2830 1561 2947 evulgatis,
1624 2832 1981 2946 aliquod
2040 2834 2129 2923 fi·

202 2953 298 3040 bi
375 2950 986 3039 detrimentum
1071 2942 1531 3057 inferatur,
1624 2979 1765 3041 aut
1846 2950 2133 3043 saltem

201 3074 560 3183 antiqua
648 3072 834 3157 iura
926 3070 1067 3160 sua
1149 3095 1234 3158 et
1313 3072 1797 3189 privilegia·
1832 3072 2141 3161 litibus

203 3188 973 3304 controversiisque
1031 3189 1621 3297 involvantur,
1703 3190 2129 3309 religiosis·

199 3312 412 3398 sune
493 3310 778 3424 potius
857 3307 1000 3398 sua
1055 3310 1604 3399 traditionum
1666 3311 2141 3400 documen·-

201 3460 288 3520 ta
354 3430 876 3538 custodiunt,
940 3455 1200 3542 quam
1259 3456 1352 3517 ut
1394 3432 1623 3520 eain
1666 3430 1973 3549 vulgus
2015 3426 2127 3519 ef·

205 3548 422 3639 ferri
485 3551 926 3665 patiantur.
1107 3658 1114 3669 ‚
1794 3656 1801 3661 Ι

27 3735 29 3740 ·
393 3666 676 3789 [Hine
721 3668 830 3757 ad
894 3666 1515 3759 CHRONICA
1575 3674 1663 3760 in
1694 3670 2159 3786 superiori--

27 3745 31 3890 Ῐ
201 3790 371 3879 bus
433 3790 830 3878 nondum
908 3790 1356 3894 recensita,
1446 3818 1664 3905 quae
1748 3790 2135 3882 Austriae

169 3914 863 4023 >vicinarumque
921 3909 1381 4118 reggnum
1444 3918 1521 3995 ei
1565 3908 2139 4119 subielfigrmn
2244 3949 2251 3964 ν

1232 4054 1284 4121 2
1839 4063 1868 4118 1
1938 4060 2016 4118 Ο·

2234 2216 2275 2263 ἱ
