2742 4592
29 1690 44 1805 p
90 1732 152 1771 ο

411 436 496 501 C.
511 434 596 501 11.
612 438 674 513 §-
715 432 806 501 11.
825 427 1118 519 scriptor
1150 426 1366 499 histor.
1386 422 1699 517 speciales
1720 421 1886 521 Styr.
1996 436 2005 450 “
2062 452 2173 501 121

271 626 382 715 de
445 624 588 713 sua
648 622 1152 741 depromfit,
1213 618 1677 711 intendere.
1760 620 2002 711 Tum
2050 624 2175 710 iu-

251 776 349 834 re
411 748 897 861 meritoque
977 744 1126 831 suo
1211 743 2017 832 commemorandus
2076 743 2175 833 cl.
2276 730 2281 739 ’

259 868 350 955 P.
389 865 888 955 MARCVS
947 864 1509 955 HANSIZIV
1510 866 1567 955 S
1597 930 1627 970 ‚
1667 866 2019 977 eiusque
2056 890 2178 947 ar·

197 1030 214 1039 -
265 984 792 1095 chieptfiopatus
909 985 1447 1093 Salisburgmsis
1564 985 2175 1100 chronologice

261 1106 1495 1341 Ξιὶἒὲἔζωᾎὲἕῷξὲωἴζῗξ
1529 1105 2179 1314 Ῑῖ”ἓοῖοῗὲἷῗ

267 1344 450 1433 sum
475 1412 506 1453 ‚
567 1347 884 1461 implet.
984 1347 1261 1454 Nam,
1323 1373 1598 1460 quum
1680 1347 2171 1462 metropoli·

265 1487 462 1555 tana
507 1466 848 1557 ecclesia
889 1464 1540 1583 Salisburgenfis
1567 1468 1924 1579 styriae
1993 1494 2181 1584 pae-

275 1614 387 1673 ne
467 1587 722 1673 totius
809 1586 1128 1675 sacram
1215 1601 1513 1675 curam
1584 1614 1867 1703 gerat,
1949 1615 2181 1704 prae-

276 1702 666 1819 sentique
772 1735 1034 1824 opere
1091 1734 1230 1797 res
1309 1708 1584 1823 gestae
1644 1706 2187 1824 archiepisco·

273 1850 596 1943 porum
656 1830 1044 1915 omnium
1099 1858 1150 1917 a
1209 1830 1292 1917 S.
1332 1828 1767 1943 Ruperto,
1806 1826 1958 1914 sub
2011 1852 2207 1940 quo,

275 1970 506 2033 anno
589 1950 764 2061 716
786 2012 814 2053 ,
900 1947 1433 2061 pontificatus
1542 1944 2189 2061 salisburgensis

287 2065 634 2151 initium
689 2066 1024 2174 sumsit,
1084 2094 1360 2182 usque
1418 2066 1529 2155 ad
1586 2092 1905 2156 annum
1964 2080 2185 2181 1728

279 2211 418 2275 res
479 2185 752 2300 gestae
811 2212 1391 2301 exponantur,
1452 2188 1889 2303 religionis
1976 2184 2193 2300 pari·
2319 2220 2337 2248 ν
2408 2292 2415 2302 ,

289 2330 426 2395 ter
491 2332 647 2425 per
703 2304 1077 2419 styriam
1116 2306 1705 2396 viciffitudines
1725 2372 1753 2411 ,
1814 2300 2242 2420 progress.

283 2424 464 2529 su3,
520 2425 940 2539 pericula,
1002 2452 1086 2515 et
1143 2429 1763 2541 perlecutiones
1822 2423 2195 2512 dilucide

283 2568 810 2653 enarrantur,
927 2548 1118 2635 Pari
1197 2549 1525 2635 ratione
1598 2546 1769 2633 hoc
1825 2545 2021 2632 loco
2109 2546 2199 2630 in

295 2662 644 2753 censum
720 2669 1070 2755 veniunt
1153 2668 1415 2755 ceteri
1498 2666 1867 2757 historici
1954 2664 2195 2752 Salis·

285 2783 754 2901 burgenses
777 2854 806 2895 ‚
861 2788 1316 2902 praecipue
1386 2810 1645 2873 vero:
1731 2784 2129 2873 FRANC
2142 2786 2204 2871 1·

289 2904 480 2993 Scl
537 2905 1080 2997 DVEKHER
1139 2902 1665 3015 Salzburgistbe
1704 2908 2020 2991 chronica
2096 2932 2205 2991 ex

287 3026 620 3115 arcanis
689 3024 1008 3115 scriniis
1087 3055 1401 3142 magna
1480 3026 1647 3113 fide
1709 3024 2201 3150 depromta,

203 3168 210 3173 ·
291 3172 382 3233 et
419 3173 600 3237 non
658 3146 827 3235 sme
887 3146 1090 3235 iusta
1129 3148 1515 3237 libertate
1570 3145 1921 3261 scripta,
1982 3171 2205 3258 quae

297 3266 774 3380 Solisburgi
835 3296 1057 3357 anno
1151 3272 1372 3357 1666
1454 3269 1544 3353 in
1620 3292 1773 3375 4to
1868 3265 2207 3381 vulgata

293 3383 502 3475 fuit:
563 3413 744 3473 tum
805 3388 1316 3481 WIGVLEI
1371 3388 1755 3475 HVNDI
1828 3389 2209 3489 metropolis

295 3508 838 3617 Salisburgenfis
895 3539 946 3598 a
1009 3508 1258 3597 nobis
1319 3512 1491 3598 iam
1546 3532 1787 3623 parte
1869 3505 1926 3592 Ι.
1962 3506 2068 3597 L.
2112 3505 2205 3594 ΙΙ.

297 3630 404 3717 C.
449 3630 508 3717 1.
557 3656 642 3741 p.
705 3654 821 3741 72
884 3628 1210 3719 laudata
1227 3660 1252 3744 3
1311 3655 1477 3718 nec
1534 3656 1710 3716 non
1769 3624 2207 3716 IOSEPHI

297 3748 556 3849 MEZ
563 3748 794 3842 GER
851 3750 1138 3858 historia
1200 3749 1737 3861 Salisburgenlis
1751 3814 1779 3860 ,
1870 3744 2036 3833 five
2096 3746 2211 3832 vi-

1215 3870 1304 3966 H
1367 3894 1419 3987 5
1964 3890 2097 3981 tae
