<?xml version="1.0" encoding="UTF-8"?>
<!DOCTYPE html PUBLIC "-//W3C//DTD XHTML 1.0 Transitional//EN"
    "http://www.w3.org/TR/xhtml1/DTD/xhtml1-transitional.dtd">
<html xmlns="http://www.w3.org/1999/xhtml" xml:lang="en" lang="en">
 <head>
  <title>
</title>
<meta http-equiv="Content-Type" content="text/html;charset=utf-8" />
  <meta name='ocr-system' content='tesseract 3.04.00' />
  <meta name='ocr-capabilities' content='ocr_page ocr_carea ocr_par ocr_line ocrx_word'/>
</head>
<body>
  <div class='ocr_page' id='page_1' title='image "./specimenbibliot00vogegoog_0105.png"; bbox 0 0 2742 4592; ppageno 0'>
   <div class='ocr_carea' id='block_1_1' title="bbox 521 448 2157 543">
    <p class='ocr_par' dir='ltr' id='par_1_1' title="bbox 521 448 2157 543">
     <span class='ocr_line' id='line_1_1' title="bbox 521 448 2157 543; baseline -0.002 -17"><span class='ocrx_word' id='word_1_1' title='bbox 521 454 528 475; x_wconf 84' lang='lat'><strong><em>‘</em></strong></span> <span class='ocrx_word' id='word_1_2' title='bbox 589 454 676 543; x_wconf 81' lang='lat'><strong>76</strong></span> <span class='ocrx_word' id='word_1_3' title='bbox 895 454 989 525; x_wconf 83' lang='lat' dir='ltr'><strong>L.</strong></span> <span class='ocrx_word' id='word_1_4' title='bbox 1009 454 1069 527; x_wconf 86' lang='lat'><strong>1.</strong></span> <span class='ocrx_word' id='word_1_5' title='bbox 1091 448 1495 542; x_wconf 80' lang='lat' dir='ltr'><strong>senpt.hist.</strong></span> <span class='ocrx_word' id='word_1_6' title='bbox 1532 470 1719 540; x_wconf 78' lang='lat' dir='ltr'><strong>prov.</strong></span> <span class='ocrx_word' id='word_1_7' title='bbox 1744 450 2157 523; x_wconf 76' lang='lat' dir='ltr'><strong>Gem.Aust.</strong></span> 
     </span>
    </p>
   </div>
   <div class='ocr_carea' id='block_1_2' title="bbox 471 643 2633 1607">
    <p class='ocr_par' dir='ltr' id='par_1_2' title="bbox 471 643 2633 1607">
     <span class='ocr_line' id='line_1_2' title="bbox 591 643 2633 762; baseline -0.003 -25"><span class='ocrx_word' id='word_1_8' title='bbox 591 648 804 754; x_wconf 81' lang='lat' dir='ltr'><strong>Em,</strong></span> <span class='ocrx_word' id='word_1_9' title='bbox 884 648 976 735; x_wconf 89' lang='lat' dir='ltr'><strong>in</strong></span> <span class='ocrx_word' id='word_1_10' title='bbox 1061 644 1489 735; x_wconf 81' lang='lat' dir='ltr'>nonnullis</span> <span class='ocrx_word' id='word_1_11' title='bbox 1542 648 1861 762; x_wconf 82' lang='lat' dir='ltr'>patriae</span> <span class='ocrx_word' id='word_1_12' title='bbox 1940 643 2487 734; x_wconf 83' lang='lat' dir='ltr'><strong>bibliothecis</strong></span> <span class='ocrx_word' id='word_1_13' title='bbox 2626 648 2633 655; x_wconf 82' lang='grc'><strong><em>’</em></strong></span> 
     </span>
     <span class='ocr_line' id='line_1_3' title="bbox 592 711 2489 883; baseline -0.002 -28"><span class='ocrx_word' id='word_1_14' title='bbox 592 711 1014 857; x_wconf 60' lang='lat' dir='ltr'><strong>ined’itum</strong></span> <span class='ocrx_word' id='word_1_15' title='bbox 1061 764 1341 855; x_wconf 79' lang='lat' dir='ltr'><strong>adhuc</strong></span> <span class='ocrx_word' id='word_1_16' title='bbox 1410 766 1627 855; x_wconf 84' lang='lat' dir='ltr'><strong>latet.</strong></span> <span class='ocrx_word' id='word_1_17' title='bbox 1750 768 2207 883; x_wconf 85' lang='lat' dir='ltr'>Exemplar</span> <span class='ocrx_word' id='word_1_18' title='bbox 2267 766 2489 854; x_wconf 84' lang='lat' dir='ltr'><strong>illius</strong></span> 
     </span>
     <span class='ocr_line' id='line_1_4' title="bbox 559 886 2497 1005; baseline -0.003 -27"><span class='ocrx_word' id='word_1_19' title='bbox 559 886 1172 978; x_wconf 73' lang='lat' dir='ltr'><strong>&#39;nitidissimum</strong></span> <span class='ocrx_word' id='word_1_20' title='bbox 1233 911 1318 975; x_wconf 92' lang='lat' dir='ltr'><strong>et</strong></span> <span class='ocrx_word' id='word_1_21' title='bbox 1384 912 1590 1003; x_wconf 74' lang='lat' dir='ltr'><strong>prae</strong></span> <span class='ocrx_word' id='word_1_22' title='bbox 1658 891 1837 978; x_wconf 73' lang='lat' dir='ltr'><strong>aliis</strong></span> <span class='ocrx_word' id='word_1_23' title='bbox 1918 889 2497 1005; x_wconf 86' lang='lat' dir='ltr'><strong>completum,</strong></span> 
     </span>
     <span class='ocr_line' id='line_1_5' title="bbox 591 1004 2497 1127; baseline -0.003 -28"><span class='ocrx_word' id='word_1_24' title='bbox 591 1012 682 1099; x_wconf 86' lang='lat' dir='ltr'><strong>in</strong></span> <span class='ocrx_word' id='word_1_25' title='bbox 737 1008 1240 1127; x_wconf 76' lang='lat' dir='ltr'><strong>provinciali</strong></span> <span class='ocrx_word' id='word_1_26' title='bbox 1278 1008 1639 1097; x_wconf 80' lang='lat' dir='ltr'><strong>statuum</strong></span> <span class='ocrx_word' id='word_1_27' title='bbox 1702 1008 2086 1101; x_wconf 78' lang='lat' dir='ltr'><strong>Austriae</strong></span> <span class='ocrx_word' id='word_1_28' title='bbox 2152 1004 2497 1095; x_wconf 85' lang='lat' dir='ltr'><strong>inferio-</strong></span> 
     </span>
     <span class='ocr_line' id='line_1_6' title="bbox 585 1126 2505 1267; baseline -0.002 -46"><span class='ocrx_word' id='word_1_29' title='bbox 585 1132 704 1221; x_wconf 84' lang='lat' dir='ltr'><strong>ris</strong></span> <span class='ocrx_word' id='word_1_30' title='bbox 765 1130 1082 1237; x_wconf 84' lang='lat' dir='ltr'><strong>domo,</strong></span> <span class='ocrx_word' id='word_1_31' title='bbox 1143 1154 1364 1267; x_wconf 78' lang='lat' dir='ltr'><strong>quae</strong></span> <span class='ocrx_word' id='word_1_32' title='bbox 1446 1128 1832 1219; x_wconf 76' lang='lat' dir='ltr'><strong>Viennae</strong></span> <span class='ocrx_word' id='word_1_33' title='bbox 1910 1128 2065 1235; x_wconf 85' lang='lat' dir='ltr'><strong>est,</strong></span> <span class='ocrx_word' id='word_1_34' title='bbox 2126 1126 2505 1218; x_wconf 81' lang='lat' dir='ltr'><strong>adserva·</strong></span> 
     </span>
     <span class='ocr_line' id='line_1_7' title="bbox 595 1234 2508 1364; baseline -0.002 -23"><span class='ocrx_word' id='word_1_35' title='bbox 595 1264 808 1341; x_wconf 86' lang='lat' dir='ltr'><strong>tur.</strong></span> <span class='ocrx_word' id='word_1_36' title='bbox 875 1234 1413 1363; x_wconf 85' lang='lat' dir='ltr'><strong>Descriptum</strong></span> <span class='ocrx_word' id='word_1_37' title='bbox 1485 1246 1575 1335; x_wconf 86' lang='lat' dir='ltr'><strong>id</strong></span> <span class='ocrx_word' id='word_1_38' title='bbox 1632 1243 1795 1341; x_wconf 87' lang='lat' dir='ltr'><strong>fuit</strong></span> <span class='ocrx_word' id='word_1_39' title='bbox 1850 1278 2073 1338; x_wconf 76' lang='lat' dir='ltr'><strong>anno</strong></span> <span class='ocrx_word' id='word_1_40' title='bbox 2152 1254 2315 1339; x_wconf 85' lang='lat'><strong>160</strong></span> <span class='ocrx_word' id='word_1_41' title='bbox 2325 1280 2374 1364; x_wconf 80' lang='lat'>3</span> <span class='ocrx_word' id='word_1_42' title='bbox 2454 1279 2508 1337; x_wconf 72' lang='lat' dir='ltr'><strong>a</strong></span> 
     </span>
     <span class='ocr_line' id='line_1_8' title="bbox 583 1366 2503 1478; baseline -0.004 -13"><span class='ocrx_word' id='word_1_43' title='bbox 583 1366 1102 1465; x_wconf 81' lang='lat' dir='ltr'>PHILIPPO</span> <span class='ocrx_word' id='word_1_44' title='bbox 1159 1368 1685 1478; x_wconf 87' lang='lat' dir='ltr'>RENNER,</span> <span class='ocrx_word' id='word_1_45' title='bbox 1744 1368 2283 1460; x_wconf 70' lang='lat' dir='ltr'><strong>cancellariae</strong></span> <span class='ocrx_word' id='word_1_46' title='bbox 2324 1370 2503 1457; x_wconf 89' lang='lat' dir='ltr'><strong>bel-</strong></span> 
     </span>
     <span class='ocr_line' id='line_1_9' title="bbox 471 1486 2500 1607; baseline -0.003 -23"><span class='ocrx_word' id='word_1_47' title='bbox 471 1492 488 1505; x_wconf 75' lang='grc'><strong>’</strong></span> <span class='ocrx_word' id='word_1_48' title='bbox 583 1494 796 1584; x_wconf 80' lang='lat' dir='ltr'><strong>licae</strong></span> <span class='ocrx_word' id='word_1_49' title='bbox 867 1486 1409 1605; x_wconf 78' lang='lat' dir='ltr'><strong>expeditore,</strong></span> <span class='ocrx_word' id='word_1_50' title='bbox 1492 1518 1599 1577; x_wconf 86' lang='lat' dir='ltr'><strong>ex</strong></span> <span class='ocrx_word' id='word_1_51' title='bbox 1676 1490 2019 1581; x_wconf 87' lang='lat' dir='ltr'><strong>Streinii</strong></span> <span class='ocrx_word' id='word_1_52' title='bbox 2100 1518 2500 1607; x_wconf 81' lang='lat' dir='ltr'><strong>autogra-</strong></span> 
     </span>
    </p>
   </div>
   <div class='ocr_carea' id='block_1_3' title="bbox 586 1608 2507 1821">
    <p class='ocr_par' dir='ltr' id='par_1_3' title="bbox 586 1608 2507 1821">
     <span class='ocr_line' id='line_1_10' title="bbox 586 1608 2507 1821; baseline 0.001 -124"><span class='ocrx_word' id='word_1_53' title='bbox 586 1612 821 1821; x_wconf 52' lang='grc' dir='ltr'><strong>ἓὶιὲὶ,</strong></span> <span class='ocrx_word' id='word_1_54' title='bbox 897 1612 1070 1697; x_wconf 82' lang='lat' dir='ltr'><strong>iam</strong></span> <span class='ocrx_word' id='word_1_55' title='bbox 1148 1632 1375 1699; x_wconf 74' lang='lat' dir='ltr'><strong>anno</strong></span> <span class='ocrx_word' id='word_1_56' title='bbox 1466 1634 1686 1731; x_wconf 76' lang='lat'>1595</span> <span class='ocrx_word' id='word_1_57' title='bbox 1784 1609 1894 1701; x_wconf 76' lang='lat' dir='ltr'><strong>ad</strong></span> <span class='ocrx_word' id='word_1_58' title='bbox 1986 1608 2245 1703; x_wconf 81' lang='lat' dir='ltr'><strong>finem</strong></span> <span class='ocrx_word' id='word_1_59' title='bbox 2318 1640 2507 1729; x_wconf 87' lang='lat' dir='ltr'><strong>per-</strong></span> 
     </span>
     <span class='ocr_line' id='line_1_11' title="bbox 653 1758 875 1819; baseline 0 0"><span class='ocrx_word' id='word_1_60' title='bbox 653 1758 712 1819; x_wconf 87' lang='grc' dir='ltr'><strong>ιι</strong></span> <span class='ocrx_word' id='word_1_61' title='bbox 797 1760 875 1819; x_wconf 94' lang='grc' dir='ltr'><strong>ο.</strong></span> 
     </span>
    </p>
   </div>
   <div class='ocr_carea' id='block_1_4' title="bbox 771 1848 2683 1968">
    <p class='ocr_par' dir='ltr' id='par_1_4' title="bbox 771 1848 2683 1968">
     <span class='ocr_line' id='line_1_12' title="bbox 771 1848 2683 1968; baseline -0.002 -28"><span class='ocrx_word' id='word_1_62' title='bbox 771 1851 1006 1941; x_wconf 89' lang='lat' dir='ltr'><strong>Idem</strong></span> <span class='ocrx_word' id='word_1_63' title='bbox 1069 1849 1170 1938; x_wconf 88' lang='lat' dir='ltr'><strong>cl.</strong></span> <span class='ocrx_word' id='word_1_64' title='bbox 1256 1848 1868 1942; x_wconf 89' lang='lat' dir='ltr'>STREINIVS</span> <span class='ocrx_word' id='word_1_65' title='bbox 1952 1879 2288 1968; x_wconf 75' lang='lat' dir='ltr'><strong>magna</strong></span> <span class='ocrx_word' id='word_1_66' title='bbox 2325 1848 2511 1937; x_wconf 85' lang='lat' dir='ltr'><strong>dili·</strong></span> <span class='ocrx_word' id='word_1_67' title='bbox 2670 1861 2683 1878; x_wconf 88' lang='grc'>’</span> 
     </span>
    </p>
   </div>
   <div class='ocr_carea' id='block_1_5' title="bbox 593 1962 2514 2211">
    <p class='ocr_par' dir='ltr' id='par_1_5' title="bbox 593 1962 2514 2211">
     <span class='ocr_line' id='line_1_13' title="bbox 595 1962 2514 2091; baseline -0.001 -32"><span class='ocrx_word' id='word_1_68' title='bbox 595 1976 906 2091; x_wconf 70' lang='lat' dir='ltr'><strong>genna,</strong></span> <span class='ocrx_word' id='word_1_69' title='bbox 927 1996 1012 2059; x_wconf 89' lang='lat' dir='ltr'><strong>et</strong></span> <span class='ocrx_word' id='word_1_70' title='bbox 1072 1962 1622 2063; x_wconf 73' lang='lat' dir='ltr'><strong>adc&#39;uratione</strong></span> <span class='ocrx_word' id='word_1_71' title='bbox 1687 1971 2001 2088; x_wconf 78' lang='lat' dir='ltr'><strong>scripsit</strong></span> <span class='ocrx_word' id='word_1_72' title='bbox 2056 1970 2514 2059; x_wconf 77' lang='lat' dir='ltr'><strong>vernacula</strong></span> 
     </span>
     <span class='ocr_line' id='line_1_14' title="bbox 593 2090 2512 2211; baseline -0.004 -29"><span class='ocrx_word' id='word_1_73' title='bbox 593 2094 932 2211; x_wconf 81' lang='lat' dir='ltr'><strong>lingua.</strong></span> <span class='ocrx_word' id='word_1_74' title='bbox 997 2090 1427 2177; x_wconf 69' lang='lat' dir='ltr'><strong>Iabrbis‘cher</strong></span> <span class='ocrx_word' id='word_1_75' title='bbox 1490 2094 1611 2175; x_wconf 87' lang='lat' dir='ltr'><strong>des</strong></span> <span class='ocrx_word' id='word_1_76' title='bbox 1656 2094 2313 2201; x_wconf 76' lang='lat' dir='ltr'><strong>Erzhe&#39;rzogthums</strong></span> <span class='ocrx_word' id='word_1_77' title='bbox 2366 2094 2512 2175; x_wconf 89' lang='lat' dir='ltr'><strong>Oe-</strong></span> 
     </span>
    </p>
   </div>
   <div class='ocr_carea' id='block_1_6' title="bbox 589 2208 2507 2327">
    <p class='ocr_par' dir='ltr' id='par_1_6' title="bbox 589 2208 2507 2327">
     <span class='ocr_line' id='line_1_15' title="bbox 589 2208 2507 2327; baseline 0 -30"><span class='ocrx_word' id='word_1_78' title='bbox 589 2214 927 2319; x_wconf 72' lang='lat' dir='ltr'><strong>sterreich</strong></span> <span class='ocrx_word' id='word_1_79' title='bbox 977 2212 1060 2299; x_wconf 80' lang='lat' dir='ltr'><strong>ob</strong></span> <span class='ocrx_word' id='word_1_80' title='bbox 1115 2210 1244 2297; x_wconf 80' lang='lat' dir='ltr'><strong>der</strong></span> <span class='ocrx_word' id='word_1_81' title='bbox 1323 2212 1534 2318; x_wconf 83' lang='lat' dir='ltr'><strong>Ens,</strong></span> <span class='ocrx_word' id='word_1_82' title='bbox 1600 2216 1753 2325; x_wconf 90' lang='lat' dir='ltr'><strong>qui</strong></span> <span class='ocrx_word' id='word_1_83' title='bbox 1825 2208 2157 2300; x_wconf 80' lang='lat' dir='ltr'><strong>annales</strong></span> <span class='ocrx_word' id='word_1_84' title='bbox 2231 2210 2507 2327; x_wconf 79' lang='lat' dir='ltr'><strong>publi-</strong></span> 
     </span>
    </p>
   </div>
   <div class='ocr_carea' id='block_1_7' title="bbox 599 2330 2563 2567">
    <p class='ocr_par' dir='ltr' id='par_1_7' title="bbox 599 2330 2563 2567">
     <span class='ocr_line' id='line_1_16' title="bbox 599 2330 2563 2447; baseline -0.001 -28"><span class='ocrx_word' id='word_1_85' title='bbox 599 2360 788 2421; x_wconf 82' lang='lat' dir='ltr'><strong>cam</strong></span> <span class='ocrx_word' id='word_1_86' title='bbox 859 2336 950 2419; x_wconf 88' lang='lat' dir='ltr'><strong>in</strong></span> <span class='ocrx_word' id='word_1_87' title='bbox 1027 2334 1308 2422; x_wconf 87' lang='lat' dir='ltr'><strong>lucem</strong></span> <span class='ocrx_word' id='word_1_88' title='bbox 1387 2332 1694 2447; x_wconf 75' lang='lat' dir='ltr'><strong>prolati</strong></span> <span class='ocrx_word' id='word_1_89' title='bbox 1780 2332 2173 2420; x_wconf 87' lang='lat' dir='ltr'><strong>nondum</strong></span> <span class='ocrx_word' id='word_1_90' title='bbox 2261 2330 2505 2439; x_wconf 85' lang='lat' dir='ltr'><strong>sunt,</strong></span> <span class='ocrx_word' id='word_1_91' title='bbox 2556 2348 2563 2355; x_wconf 83' lang='grc'><strong><em>’</em></strong></span> 
     </span>
     <span class='ocr_line' id='line_1_17' title="bbox 601 2446 2510 2567; baseline 0 -29"><span class='ocrx_word' id='word_1_92' title='bbox 601 2451 743 2539; x_wconf 88' lang='lat' dir='ltr'><strong>sed</strong></span> <span class='ocrx_word' id='word_1_93' title='bbox 789 2454 1078 2540; x_wconf 89' lang='lat' dir='ltr'><strong>Lincii</strong></span> <span class='ocrx_word' id='word_1_94' title='bbox 1153 2446 1244 2539; x_wconf 82' lang='lat' dir='ltr'><strong>in</strong></span> <span class='ocrx_word' id='word_1_95' title='bbox 1313 2451 1825 2541; x_wconf 75' lang='lat' dir='ltr'><strong>bibliotheca</strong></span> <span class='ocrx_word' id='word_1_96' title='bbox 1889 2453 2249 2540; x_wconf 81' lang='lat' dir='ltr'><strong>statuum</strong></span> <span class='ocrx_word' id='word_1_97' title='bbox 2310 2480 2510 2567; x_wconf 88' lang='lat' dir='ltr'><strong>pro·</strong></span> 
     </span>
    </p>
   </div>
   <div class='ocr_carea' id='block_1_8' title="bbox 407 2572 2501 2679">
    <p class='ocr_par' dir='ltr' id='par_1_8' title="bbox 407 2572 2501 2679">
     <span class='ocr_line' id='line_1_18' title="bbox 407 2572 2501 2679; baseline -0.001 -20"><span class='ocrx_word' id='word_1_98' title='bbox 407 2628 414 2635; x_wconf 90' lang='lat'>-</span> <span class='ocrx_word' id='word_1_99' title='bbox 599 2573 988 2675; x_wconf 82' lang='lat' dir='ltr'><strong>vinciae,</strong></span> <span class='ocrx_word' id='word_1_100' title='bbox 1077 2599 1334 2659; x_wconf 77' lang='lat' dir='ltr'><strong>manu</strong></span> <span class='ocrx_word' id='word_1_101' title='bbox 1410 2572 1773 2679; x_wconf 80' lang='lat' dir='ltr'><strong>exarati,</strong></span> <span class='ocrx_word' id='word_1_102' title='bbox 1890 2572 2501 2661; x_wconf 84' lang='lat' dir='ltr'><strong>custodiuntur.</strong></span> 
     </span>
    </p>
   </div>
   <div class='ocr_carea' id='block_1_9' title="bbox 531 2689 2509 3168">
    <p class='ocr_par' dir='ltr' id='par_1_9' title="bbox 531 2689 2509 3168">
     <span class='ocr_line' id='line_1_19' title="bbox 531 2689 2509 2809; baseline -0.001 -28"><span class='ocrx_word' id='word_1_103' title='bbox 531 2718 534 2721; x_wconf 78' lang='grc'><strong><em>’</em></strong></span> <span class='ocrx_word' id='word_1_104' title='bbox 605 2689 1122 2808; x_wconf 60' lang='lat' dir='ltr'><strong>Conspectus</strong></span> <span class='ocrx_word' id='word_1_105' title='bbox 1181 2690 1428 2779; x_wconf 83' lang='lat' dir='ltr'><strong>huius</strong></span> <span class='ocrx_word' id='word_1_106' title='bbox 1464 2694 1745 2807; x_wconf 89' lang='lat' dir='ltr'><strong>operis</strong></span> <span class='ocrx_word' id='word_1_107' title='bbox 1770 2758 1799 2801; x_wconf 88' lang='lat'><em>,</em></span> <span class='ocrx_word' id='word_1_108' title='bbox 1846 2693 2081 2801; x_wconf 85' lang='lat' dir='ltr'><strong>finis,</strong></span> <span class='ocrx_word' id='word_1_109' title='bbox 2144 2717 2227 2781; x_wconf 87' lang='lat' dir='ltr'><strong>et</strong></span> <span class='ocrx_word' id='word_1_110' title='bbox 2266 2718 2509 2809; x_wconf 85' lang='lat' dir='ltr'><strong>prae·</strong></span> 
     </span>
     <span class='ocr_line' id='line_1_20' title="bbox 601 2811 2499 2930; baseline -0.001 -28"><span class='ocrx_word' id='word_1_111' title='bbox 601 2813 890 2903; x_wconf 77' lang='lat' dir='ltr'><strong>stantia</strong></span> <span class='ocrx_word' id='word_1_112' title='bbox 935 2812 1336 2930; x_wconf 81' lang='lat' dir='ltr'><strong>cognosci</strong></span> <span class='ocrx_word' id='word_1_113' title='bbox 1370 2811 1639 2929; x_wconf 88' lang='lat' dir='ltr'><strong>potest</strong></span> <span class='ocrx_word' id='word_1_114' title='bbox 1681 2840 1789 2899; x_wconf 83' lang='lat' dir='ltr'><strong>ex</strong></span> <span class='ocrx_word' id='word_1_115' title='bbox 1842 2812 2115 2925; x_wconf 80' lang='lat' dir='ltr'><strong>epistota</strong></span> <span class='ocrx_word' id='word_1_116' title='bbox 2138 2881 2165 2921; x_wconf 90' lang='lat'><em>,</em></span> <span class='ocrx_word' id='word_1_117' title='bbox 2216 2812 2354 2900; x_wconf 89' lang='lat' dir='ltr'><strong>die</strong></span> <span class='ocrx_word' id='word_1_118' title='bbox 2388 2840 2438 2901; x_wconf 82' lang='lat'>2</span> <span class='ocrx_word' id='word_1_119' title='bbox 2448 2834 2499 2923; x_wconf 81' lang='lat'><em>5</em></span> 
     </span>
     <span class='ocr_line' id='line_1_21' title="bbox 603 2933 2503 3049; baseline -0.002 -26"><span class='ocrx_word' id='word_1_120' title='bbox 603 2936 896 3023; x_wconf 79' lang='lat' dir='ltr'><strong>Martii</strong></span> <span class='ocrx_word' id='word_1_121' title='bbox 957 2962 1182 3022; x_wconf 79' lang='lat' dir='ltr'><strong>anno</strong></span> <span class='ocrx_word' id='word_1_122' title='bbox 1245 2948 1515 3049; x_wconf 78' lang='lat'><strong>159‘9,</strong></span> <span class='ocrx_word' id='word_1_123' title='bbox 1607 2933 1717 3023; x_wconf 74' lang='lat' dir='ltr'><strong>ab</strong></span> <span class='ocrx_word' id='word_1_124' title='bbox 1778 2934 2127 3023; x_wconf 65' lang='lat' dir='ltr'><strong>auci-ore</strong></span> <span class='ocrx_word' id='word_1_125' title='bbox 2186 2934 2293 3021; x_wconf 84' lang='lat' dir='ltr'><strong>ad</strong></span> <span class='ocrx_word' id='word_1_126' title='bbox 2352 2933 2503 3020; x_wconf 85' lang='lat' dir='ltr'><strong>sta·</strong></span> 
     </span>
     <span class='ocr_line' id='line_1_22' title="bbox 603 3052 2507 3168; baseline -0.003 -23"><span class='ocrx_word' id='word_1_127' title='bbox 603 3082 844 3145; x_wconf 85' lang='lat' dir='ltr'><strong>tuum</strong></span> <span class='ocrx_word' id='word_1_128' title='bbox 973 3054 1355 3144; x_wconf 80' lang='lat' dir='ltr'><strong>Austriae</strong></span> <span class='ocrx_word' id='word_1_129' title='bbox 1482 3052 1725 3168; x_wconf 80' lang='lat' dir='ltr'>supra</span> <span class='ocrx_word' id='word_1_130' title='bbox 1852 3054 2231 3145; x_wconf 82' lang='lat' dir='ltr'><strong>Anafum</strong></span> <span class='ocrx_word' id='word_1_131' title='bbox 2364 3052 2507 3139; x_wconf 90' lang='lat' dir='ltr'><strong>de-</strong></span> 
     </span>
    </p>
   </div>
   <div class='ocr_carea' id='block_1_10' title="bbox 603 3170 2702 3409">
    <p class='ocr_par' dir='ltr' id='par_1_10' title="bbox 603 3170 2702 3409">
     <span class='ocr_line' id='line_1_23' title="bbox 603 3170 2702 3293; baseline -0.003 -28"><span class='ocrx_word' id='word_1_132' title='bbox 603 3200 937 3293; x_wconf 77' lang='lat' dir='ltr'><strong>putatos</strong></span> <span class='ocrx_word' id='word_1_133' title='bbox 998 3176 1232 3286; x_wconf 79' lang='lat' dir='ltr'><strong>data3</strong></span> <span class='ocrx_word' id='word_1_134' title='bbox 1298 3175 1535 3263; x_wconf 82' lang='lat' dir='ltr'><strong>cuius</strong></span> <span class='ocrx_word' id='word_1_135' title='bbox 1628 3176 1999 3261; x_wconf 57' lang='lat' dir='ltr'><strong>extraffus</strong></span> <span class='ocrx_word' id='word_1_136' title='bbox 2060 3176 2151 3262; x_wconf 89' lang='lat' dir='ltr'><strong>in</strong></span> <span class='ocrx_word' id='word_1_137' title='bbox 2202 3172 2507 3262; x_wconf 82' lang='lat' dir='ltr'><strong>biblio·</strong></span> <span class='ocrx_word' id='word_1_138' title='bbox 2694 3170 2702 3181; x_wconf 64' lang='lat'><strong>⁴</strong></span> 
     </span>
     <span class='ocr_line' id='line_1_24' title="bbox 607 3294 2675 3409; baseline -0.002 -25"><span class='ocrx_word' id='word_1_139' title='bbox 607 3296 848 3384; x_wconf 73' lang='lat' dir='ltr'><strong>theca</strong></span> <span class='ocrx_word' id='word_1_140' title='bbox 898 3294 1002 3385; x_wconf 89' lang='lat' dir='ltr'><strong>R.</strong></span> <span class='ocrx_word' id='word_1_141' title='bbox 1043 3298 1149 3385; x_wconf 88' lang='lat' dir='ltr'><strong>R.</strong></span> <span class='ocrx_word' id='word_1_142' title='bbox 1205 3300 1289 3383; x_wconf 91' lang='lat' dir='ltr'><strong>P.</strong></span> <span class='ocrx_word' id='word_1_143' title='bbox 1331 3298 1419 3383; x_wconf 91' lang='lat' dir='ltr'><strong>P.</strong></span> <span class='ocrx_word' id='word_1_144' title='bbox 1484 3294 2303 3409; x_wconf 80' lang='lat' dir='ltr'><strong>Augustinianorum</strong></span> <span class='ocrx_word' id='word_1_145' title='bbox 2364 3294 2515 3381; x_wconf 84' lang='lat' dir='ltr'><strong>Di-</strong></span> <span class='ocrx_word' id='word_1_146' title='bbox 2661 3348 2675 3357; x_wconf 87' lang='lat'>-</span> 
     </span>
    </p>
   </div>
   <div class='ocr_carea' id='block_1_11' title="bbox 603 3413 2513 3891">
    <p class='ocr_par' dir='ltr' id='par_1_11' title="bbox 603 3413 2513 3891">
     <span class='ocr_line' id='line_1_25' title="bbox 605 3413 2499 3522; baseline -0.003 -15"><span class='ocrx_word' id='word_1_147' title='bbox 605 3416 1204 3507; x_wconf 77' lang='lat' dir='ltr'><strong>scalceatorum</strong></span> <span class='ocrx_word' id='word_1_148' title='bbox 1266 3416 1696 3522; x_wconf 76' lang='lat' dir='ltr'><strong>Viennae,</strong></span> <span class='ocrx_word' id='word_1_149' title='bbox 1782 3416 1873 3501; x_wconf 88' lang='lat' dir='ltr'><strong>in</strong></span> <span class='ocrx_word' id='word_1_150' title='bbox 1953 3413 2251 3506; x_wconf 87' lang='lat' dir='ltr'><strong>codice</strong></span> <span class='ocrx_word' id='word_1_151' title='bbox 2310 3414 2499 3502; x_wconf 89' lang='lat' dir='ltr'><strong>MS.</strong></span> 
     </span>
     <span class='ocr_line' id='line_1_26' title="bbox 603 3532 2513 3643; baseline -0.004 -19"><span class='ocrx_word' id='word_1_152' title='bbox 603 3538 944 3625; x_wconf 79' lang='lat' dir='ltr'><strong>maioris</strong></span> <span class='ocrx_word' id='word_1_153' title='bbox 1015 3532 1389 3643; x_wconf 83' lang='lat' dir='ltr'><strong>formae,</strong></span> <span class='ocrx_word' id='word_1_154' title='bbox 1474 3537 1614 3624; x_wconf 86' lang='lat' dir='ltr'><strong>cui</strong></span> <span class='ocrx_word' id='word_1_155' title='bbox 1666 3534 2001 3625; x_wconf 85' lang='lat' dir='ltr'><strong>titulus:</strong></span> <span class='ocrx_word' id='word_1_156' title='bbox 2086 3540 2317 3620; x_wconf 78' lang='lat' dir='ltr'><em>Varia</em></span> <span class='ocrx_word' id='word_1_157' title='bbox 2366 3562 2513 3617; x_wconf 83' lang='lat' dir='ltr'><strong>ma-</strong></span> 
     </span>
     <span class='ocr_line' id='line_1_27' title="bbox 603 3648 2501 3786; baseline -0.001 -43"><span class='ocrx_word' id='word_1_158' title='bbox 603 3656 996 3786; x_wconf 74' lang='lat' dir='ltr'><strong>nuscripta,</strong></span> <span class='ocrx_word' id='word_1_159' title='bbox 1064 3686 1258 3774; x_wconf 77' lang='lat' dir='ltr'>pag.</span> <span class='ocrx_word' id='word_1_160' title='bbox 1329 3648 1645 3770; x_wconf 66' lang='lat' dir='ltr'><strong>138&#39;et</strong></span> <span class='ocrx_word' id='word_1_161' title='bbox 1687 3685 1876 3771; x_wconf 83' lang='lat'><strong>139</strong></span> <span class='ocrx_word' id='word_1_162' title='bbox 1942 3656 2298 3773; x_wconf 86' lang='lat' dir='ltr'><strong>legitur,</strong></span> <span class='ocrx_word' id='word_1_163' title='bbox 2362 3681 2501 3768; x_wconf 80' lang='lat' dir='ltr'><strong>pa·</strong></span> 
     </span>
     <span class='ocr_line' id='line_1_28' title="bbox 603 3774 2501 3891; baseline -0.004 -24"><span class='ocrx_word' id='word_1_164' title='bbox 603 3788 978 3890; x_wconf 85' lang='lat' dir='ltr'><strong>riterque</strong></span> <span class='ocrx_word' id='word_1_165' title='bbox 1043 3780 1297 3867; x_wconf 83' lang='lat' dir='ltr'><strong>exstat</strong></span> <span class='ocrx_word' id='word_1_166' title='bbox 1370 3780 1701 3891; x_wconf 85' lang='lat' dir='ltr'><strong>integer</strong></span> <span class='ocrx_word' id='word_1_167' title='bbox 1784 3779 1875 3862; x_wconf 89' lang='lat' dir='ltr'><strong>in</strong></span> <span class='ocrx_word' id='word_1_168' title='bbox 1954 3776 2297 3865; x_wconf 88' lang='lat' dir='ltr'><strong>erudito</strong></span> <span class='ocrx_word' id='word_1_169' title='bbox 2400 3774 2501 3862; x_wconf 91' lang='lat' dir='ltr'><strong>cl.</strong></span> 
     </span>
    </p>
   </div>
   <div class='ocr_carea' id='block_1_12' title="bbox 469 3896 2511 4122">
    <p class='ocr_par' dir='ltr' id='par_1_12' title="bbox 469 3896 2511 4122">
     <span class='ocr_line' id='line_1_29' title="bbox 469 3896 2511 4122; baseline -0.007 -128"><span class='ocrx_word' id='word_1_170' title='bbox 469 4003 478 4031; x_wconf 34' lang='grc' dir='ltr'>ἱ</span> <span class='ocrx_word' id='word_1_171' title='bbox 601 3902 988 3999; x_wconf 84' lang='lat' dir='ltr'><strong>KAVZII</strong></span> <span class='ocrx_word' id='word_1_172' title='bbox 1067 3901 1269 3991; x_wconf 78' lang='lat' dir='ltr'><strong>alibi</strong></span> <span class='ocrx_word' id='word_1_173' title='bbox 1327 3903 1499 3992; x_wconf 80' lang='lat' dir='ltr'><strong>iam</strong></span> <span class='ocrx_word' id='word_1_174' title='bbox 1559 3896 1894 3988; x_wconf 77' lang='lat' dir='ltr'><strong>laudato</strong></span> <span class='ocrx_word' id='word_1_175' title='bbox 1942 3926 2285 4122; x_wconf 71' lang='lat' dir='ltr'><strong>operezs</strong></span> <span class='ocrx_word' id='word_1_176' title='bbox 2328 3897 2511 4104; x_wconf 48' lang='lat' dir='ltr'><strong>ller-</strong></span> 
     </span>
     <span class='ocr_line' id='line_1_30' title="bbox 2262 4044 2346 4102; baseline 0 0"><span class='ocrx_word' id='word_1_177' title='bbox 2262 4044 2346 4102; x_wconf 83' lang='lat' dir='ltr'><strong>uc</strong></span> 
     </span>
    </p>
   </div>
  </div>
 </body>
</html>
