2742 4592
355 424 631 516 C.11.'§.
655 434 782 503 VI.
809 428 1046 521 script.
1065 428 1282 503 hister.
1309 430 1572 522 special.
1610 410 1791 503 Aust.
1821 446 1948 507 unt.
2040 438 2159 520 169

255 618 537 733 ‘hqffkm
602 624 828 711 Ioan.
873 622 1212 735 Lonsteck
1253 622 1375 711 ‘de
1426 620 1983 739 Geppingen,
2022 624 2167 713 vl·

267 744 552 832 ticum
651 740 926 854 Kraffi
965 811 993 850 ,
1079 746 1303 832 Ioan.
1444 746 1797 859 lisydmon
1822 818 1849 853 ,
1902 750 2163 847 noan.

262 866 738 949 Reucblinum
760 924 788 964 ,
851 862 994 949 seu
1033 864 1567 980 Capnionem
1589 930 1617 969 ,
1669 866 2167 955 Conradum

269 984 779 1087 Lemonum,
872 981 992 1070 Io.
1061 983 1443 1090 caseolum,
1520 986 1805 1075 Nicol.
1888 988 2171 1071 Gerbel-

283 1108 454 1189 lium
475 1168 505 1208 ‚
604 1102 1081 1193 Henricum
1165 1104 1515 1191 Bebelium
1534 1172 1562 1211 ,
1662 1105 2169 1221 Hieronym.

275 1220 618 1329 Mser,
687 1224 1116 1313 Leonard.
1187 1228 1587 1347 Clemengem
1608 1288 1639 1329 ,
1698 1250 1783 1313 et
1844 1230 1958 1315 10.
2027 1228 2173 1311 Re-

275 1362 547 1431 mum,
635 1342 765 1429 Ex
801 1370 978 1457 quo
1015 1338 1697 1433 doffiffimo'rum-
1720 1346 2171 1433 hominum

271 1460 730 1551 numeroso
807 1490 1078 1581 grege
1093 1499 1162 1573 ,s
1196 1468 1476 1552 omnis
1548 1468 1885 1581 generis
1969 1465 2173 1553 litte·

277 1608 658 1671 raturam
700 1584 1042 1697 posthac
1085 1588 1401 1691 mirum
1446 1587 1535 1672 in
1579 1586 1936 1674 modum
1980 1613 2181 1703 pro·

281 1727 685 1819 pagatam
710 1766 738 1807 ‚
815 1728 1070 1817 atque
1133 1706 1238 1793 ad
1305 1704 1669 1793 nostram
1716 1732 1991 1821 usque
2052 1734 2179 1792 ae·
2274 1746 2283 1753 ·

283 1848 552 1909 tatem
592 1822 1054 1911 derivatam
1121 1820 1404 1928 fuiss'e‚
1472 1851 1727 1914 nemo
1747 1892 1781 1931 ‚
1840 1827 2176 1941 opinor,

285 1943 454 2048 est,
522 1945 672 2055 qui
751 1940 1138 2031 dubitare
1207 1944 1468 2059 poffit.

471 2062 606 2149 De
663 2062 922 2149 rebus
987 2061 1645 2153 RELIGIONIS
1706 2060 1984 2149 cnuss‘a
2061 2062 2193 2147 his

287 2184 388 2270 in
455 2183 701 2269 terris
765 2182 1056 2297 gestis,
1141 2186 1231 2269 in
1308 2185 1609 2299 primis
1686 2180 1980 2269 trastat
2050 2181 2190 2269 10.

291 2302 808 2391 VLRICVS
870 2302 1435 2391 PREGIZER
1514 2304 1605 2389 in
1660 2302 2196 2417 prolegome-

291 2424 436 2511 nis
479 2421 588 2510 ad
651 2420 984 2507 Sueviam
1044 2450 1128 2511 et
1185 2420 1813 2529 Wirtembergimn
1874 2422 2153 2529 Jizcram
2174 2487 2202 2526 ,
2377 2520 2385 2525 ¹

293 2543 775 2658 Tubingae
823 2571 1068 2657 1717.
1112 2544 1405 2655 in·4t0.
1450 2542 2000 2656 publicatam,
2046 2540 2199 2627 ubi

297 2660 844 2754 tristissunum
913 2663 1350 2781 religionis
1419 2664 1718 2751 statum
1781 2659 1933 2748 sub
1983 2666 2205 2769 genti·

305 2778 492 2885 lismo
549 2803 742 2868 ante
805 2808 1197 2870 exortum
1257 2786 1349 2870 in
1428 2784 1735 2871 Suevia
1831 2778 2219 2891 christian?-

287 2895 520 3009 smum
606 2902 820 2988 vivis
896 2901 1323 2991 coloribus
1355 2902 1762 3015 depingit.
1885 2898 2217 2987 Eodem

303 3023 678 3139 pertinet
719 3022 1371 3111 IOACHIMVS
1433 3022 2065 3124 VADIANVS,
2106 3018 2213 3105 de

307 3142 796 3260 primitivae
857 3142 1246 3230 ecclesiae
1285 3144 1536 3247 statu,
1606 3122 1745 3227 seh
1801 3134 2215 3246 christianis-

307 3270 410 3347 mi
427 3262 778 3345 aetatibus
800 3289 1049 3349 aurea
1071 3287 1154 3347 et
1203 3288 1628 3377 argentea,
1656 3262 1745 3347 in
1773 3258 2220 3347 MELCH.

313 3382 924 3469 GOLDASTI
1009 3380 1558 3496 scriptoribus
1647 3406 1935 3469 rerum
2034 3376 2225 3464 Ala-

319 3492 908 3591 maimicarum
959 3525 1198 3588 tomo
1243 3502 1368 3591 ΙΙΙ.
1415 3528 1497 3614 p.
1537 3528 1649 3585 m.
1708 3528 1737 3585 1
1766 3526 1893 3610 17.
1974 3496 2229 3584 Pluri-

315 3650 566 3710 mum
657 3618 965 3706 deinde
1014 3621 1241 3711 ‘lucis
1304 3618 1890 3707 ecclesiasticae
1979 3616 2225 3701 histo-

319 3744 500 3831 riae
542 3740 876 3830 illarum
915 3742 1284 3859 partium
1311 3734 1709 3827 suffimdit
1747 3738 1845 3828 cl.
1880 3734 2237 3824 FRAN-
2302 3764 2309 3772 ·

1270 3860 1471 3975 Ls
1868 3898 1885 3923 ι
1978 3856 2119 3947 01.-
