2742 4592
127 4301 170 4372 71

641 479 761 556 198
879 465 966 538 L.
1003 469 1093 539 11.
1141 465 1377 558 script.
1426 469 1678 558 geneal.
1720 467 1890 558 Aug.
1934 469 2171 538 Domus
2211 465 2380 536 Aust.

635 661 1046 752 CERIVS
1071 727 1097 765 ,
1143 661 1947 780 caesaraugustanus
1998 689 2213 750 anno
2268 663 2493 772 1641.-

641 783 1067 868 Grandezas
1129 783 1213 866 de
1270 785 1342 866 la
1406 781 1906 891 Augustiffima
1966 779 2141 886 Cafit
2196 782 2275 866 de
2351 784 2495 864 Au-

632 899 871 1006 stria,
929 903 1312 1017 Scipioni
1372 901 1490 989 du
1548 902 1832 1008 Pleix,
1893 901 2275 1018 supremo
2330 899 2494 986 Gal·

633 1021 944 1110 liarum
1018 1024 1285 1139 Regis
1345 1021 2022 1137 historiographo
2044 1089 2073 1134 ‚
2147 1024 2293 1134 qui
2344 1023 2495 1108 Au·

624 1141 1010 1231 striacam
1074 1168 1419 1260 gentem
1479 1171 1587 1229 ex
1622 1141 2213 1229 Pharamundo
2270 1141 2497 1229 Fran·

634 1290 940 1351 corum
1000 1265 1242 1380 Rege
1321 1264 1751 1379 originem
1832 1261 2063 1350 suam
2146 1261 2495 1349 derivare

385 1423 389 1430 ·
511 1464 518 1474 ,
626 1386 1169 1501 pernegavit,
1231 1378 1585 1469 feliciter
1632 1382 2183 1496 opposuit.·—-
2238 1377 2499 1470 ANO·

628 1503 938 1594 NYMI
1026 1501 1461 1591 cuiusdam
1579 1529 1837 1618 opera
1943 1497 2315 1590 confesta
2401 1497 2497 1584 est

619 1627 1062 1735 genealogia,
1138 1621 1593 1709 vernaculo
1680 1620 2069 1709 sermone
2150 1645 2496 1722 exarata,

619 1743 1051 1859 Augustae
1121 1747 1352 1850 gentis
1411 1742 1890 1832 Austriacae
1906 1808 1939 1854 ,
2024 1770 2072 1829 a
2164 1737 2498 1834 Chlodo·

623 1891 839 1951 vaeo
899 1865 1427 1953 Francorum
1485 1862 1741 1977 Rege‘
1789 1863 2239 1976 incipiens,
2292 1883 2367 1952 et
2419 1859 2498 1947 in

623 1985 938 2074 Ioanne
995 1983 1237 2072 Duce
1281 1981 1663 2069 Austriae
1713 1983 2140 2086 desinens,
2200 1979 2387 2072 affls
2428 2000 2500 2068 et

599 2101 1067 2219 'epitaphiis
1134 2103 1744 2216 Trudpertinis
1824 2103 2247 2216 innitens;
2306 2109 2507 2215 quae·

621 2223 714 2311 in
775 2221 1296 2312 bibliotheca
1364 2221 1761 2312 Caesarea
1822 2222 2014 2314 cod.
2080 2223 2325 2314 chart,
2397 2222 2501 2308 in·

619 2359 750 2432 ter
821 2343 1102 2434 histor.
1182 2336 1404 2458 prof.
1484 2371 1566 2435 n,
1648 2374 1789 2457 91.
1866 2343 2361 2434 adservatur.
2424 2382 2495 2406 -·

617 2465 818 2556 Alia
875 2461 1245 2570 ibidem,
1305 2465 1524 2553 inter
1584 2461 1861 2555 histor.
1912 2461 2137 2577 prof.
2180 2495 2258 2558 n.
2324 2486 2498 2550 212.

623 2583 832 2670 olim
903 2595 1040 2680 82·
1093 2582 1281 2674 cod.
1352 2583 1607 2672 chart.
1670 2585 1760 2668 in
1832 2578 1976 2674 fol.
2023 2587 2500 2702 paginarum
2562 2682 2567 2691 ,

634 2733 667 2790 1
697 2731 728 2790 1
756 2727 822 2812 ς.
885 2701 1244 2792 habetur
1303 2705 1478 2792 AN
1482 2701 1877 2791 ONYMI
1894 2709 2286 2813 genealogia
2350 2703 2501 2785 Ma·

620 2825 982 2926 ximiliam‘·
1020 2821 1335 2928 Caesoris
1359 2891 1389 2931 ,
1452 2825 1865 2938 incipiens
1926 2855 1973 2914 a
2034 2825 2298 2942 regali
2354 2819 2501 2908 He-

600 2939 880 3032 &oris
947 2943 1194 3060 stirpe
1230 2971 1385 3060 per
1426 2943 1742 3031 ref-liam
1780 2946 2088 3034 lineam
2146 2951 2229 3040 S.
2272 2941 2503 3032 Chlo·

623 3061 926 3156 dovaei
983 3065 1248 3203 Regis
1329 3063 1737 3178 deduEta,
1827 3066 2505 3208 fingulornmque

2238 3213 2397 3278 lco-

871 3501 1050 3558 terea
1097 3501 1312 3566 tamen
1359 3493 1487 3560 10.
1529 3491 1719 3560 PET.
1764 3515 1802 3562 a
1844 3493 2283 3579 LVDEWIG
2326 3493 2507 3557 Germ.

877 3601 1070 3668 Ptine.
1116 3601 1198 3667 L.
1245 3601 1299 3666 Ι.
1345 3603 1421 3666 C.
1454 3603 1517 3667 6.
1564 3598 1877 3687 optimum
1918 3601 1987 3668 in
2035 3601 2164 3668 hoe
2193 3613 2508 3684 argumen-

879 3718 946 3774 to
1013 3705 1333 3775 aufitorem
1394 3719 1591 3775 vocat
1664 3707 1942 3794 Lazium
1970 3757 1992 3791 ,
2077 3705 2193 3796 qui
2250 3701 2507 3794 repetita

876 3813 1187 3884 industria
1214 3864 1238 3896 ,
1281 3815 1599 3884 tabularia
1666 3815 2189 3887 monasteriorum
2232 3813 2305 3884 in
2350 3811 2505 3882 Hel-

869 3919 1089 4006 vetia,
1131 3919 1506 4011 Alsatiaqu’e
1547 3920 1897 4013 inspexie]
