2742 4592
605 446 720 514 188
803 433 889 506 L.
929 435 1036 562 ΙΙ..
1070 431 1306 522 Script.
1343 432 1596 522 geneal.
1632 433 1801 521 Aug.
1842 389 2083 502 Domus
2130 427 2308 544 Aust.

604 628 772 716 vol.
834 629 926 716 ΙΙ.
989 629 1082 714 in
1140 649 1314 736 4to.
1386 626 1746 716 Rariore
1822 623 1989 713 hoc
2043 625 2309 712 nostra
2364 651 2477 710 ae-

599 775 765 836 tate
834 749 1056 835 libro
1086 811 1114 852 ,
1199 748 1449 864 origo
1528 741 2102 857 successusque
2179 741 2474 832 ordinis

601 871 682 960 S.
765 863 1192 954 Benediffl
1301 864 1791 980 explicatur.
1923 864 2133 954 Illud
2210 889 2469 952 autem

597 990 1052 1105 praecipue
1119 984 1274 1071 fibi
1346 981 1862 1100 proposuisse
1956 985 2286 1074 videtur
2361 1011 2483 1071 au·
2574 1043 2583 1052 -

598 1109 824 1221 ἕξοι-ς
885 1133 979 1194 ut
1041 1105 1521 1194 celebritate
1568 1105 2014 1194 Caesarum
2043 1173 2071 1212 ,
2129 1107 2473 1220 Regum,

595 1231 1090 1342 Principum
1134 1293 1162 1332 ‚
1277 1225 1817 1314 summorum
1926 1226 2476 1328 Pontificum,

595 1348 1259 1464 Episcoporum,
1322 1345 1936 1459 illustriumque
2022 1348 2290 1434 omnis
2348 1369 2479 1460 ge·

527 1488 538 1504 ’
599 1471 826 1556 neris
886 1467 1275 1554 virorum
1353 1493 1455 1562 ac
1517 1459 2069 1572 feminarum,
2163 1463 2309 1554 sub
2366 1491 2475 1549 re·

409 1643 416 1658 -
591 1587 792 1702 gula
835 1590 918 1677 S.
967 1582 1392 1672 Benediffl
1440 1585 1879 1698 quondam
1934 1585 2473 1703 militantium,

589 1705 904 1794 sacram
959 1706 1463 1820 religionem
1527 1702 1756 1796 suam
1818 1708 2268 1798 illustraret.
2376 1699 2471 1790 Et

411 1919 429 1930 ,
596 1853 866 1940 quum
934 1826 1016 1914 S.
1057 1821 1482 1920 Rene-dieti
1524 1853 1793 1940 genus
1866 1855 2068 1946 cum
2142 1824 2475 1915 Austria·

597 1975 696 2034 ca
763 1949 1050 2034 Domo
1115 1971 1579 2058 cognatum
1620 1947 1869 2050 velit,
1960 1949 2238 2064 operis
2300 1969 2479 2062 pro·
2632 1947 2666 2034 ·”.

599 2067 978 2172 dromuS,
1016 2089 1192 2177 quo
1239 2063 1346 2151 de
1384 2061 1938 2177 antiqfliffima
1976 2064 2285 2156 familia
2322 2063 2473 2152 Ro·-

597 2217 842 2273 mana
885 2187 1238 2292 Anicia,
1291 2184 1569 2272 Proba
1609 2253 1637 2292 ,
1702 2186 2114 2300 Olybria,
2176 2184 2475 2275 Perleo·

593 2308 783 2414 nia,
846 2306 1433 2420 Frangipania,
1496 2306 2077 2422 Habsburgia,
2138 2303 2474 2396 Pmstria·
2624 2305 2664 2430 '⁸

598 2455 772 2540 que
831 2427 1136 2540 agitur,
1209 2425 1296 2510 in
1355 2427 1657 2541 primis
1713 2427 1886 2542 legi
1948 2423 2472 2544 expendique

589 2569 964 2634 meretur
1026 2543 1162 2630 vel
1221 2571 1716 2660 propterea,
1791 2547 2033 2661 quod
2068 2537 2476 2652 ,nonnulla

583 2661 914 2783 profert
953 2661 1397 2778 singularia
1411 2730 1438 2772 ,
1504 2692 1787 2779 neque
1846 2665 1955 2754 ab
2042 2669 2221 2756 aliis
2262 2689 2471 2752 com·

583 2781 1070 2873 memorata.
1191 2785 1381 2872 Plus
1442 2809 1722 2872 tamen
1786 2787 2002 2893 olei,
2064 2813 2319 2901 quam
2377 2780 2474 2868 sa·
2543 2795 2551 2806 '

580 2907 680 2993 lis
747 2907 946 2994 huic
1037 2901 1286 2992 inesse
1365 2907 1605 3021 operi
1686 2905 2250 2996 dubitandum
2308 2927 2471 2992 non

583 3027 720 3118 est.
803 3071 922 3092 -·-
995 3025 1315 3111 Merito
1377 3025 1740 3139 proinde
1798 3022 2191 3114 refutavit
2242 3023 2473 3109 -Wio-

580 3175 730 3233 nem
807 3145 1485 3238 RICHARDVS
1570 3145 2176 3236 STREINIVS
2262 3144 2469 3233 libro

581 3272 1276 3369 Antianicionorum,
1340 3266 1576 3354 cuius
1618 3268 2132 3384 exemplum,
2178 3265 2473 3382 partim

577 3383 1246 3502 autographum,
1308 3389 1620 3500 partim
1684 3387 1893 3492 alius
1972 3413 2229 3474 manu
2291 3383 2468 3471 scri·

575 3533 865 3622 ptum,
931 3533 1012 3592 et
1057 3503 1164 3592 ab
1245 3503 1589 3594 austore
1648 3505 2232 3610 emendatum,
2326 3506 2466 3588 im·

533 3627 1048 3742 perfefiium
1089 3643 1416 3732 tamen,
1458 3627 1548 3712 in
1594 3627 1969 3744 Augusta
2030 3622 2461 3716 bibliothe-

573 3777 668 3843 ca
715 3746 1599 3840 Vindobonenfiinter
1641 3747 1917 3839 histor.
1956 3741 2175 3866 prof.
2236 3741 2463 3831 MSS.

2040 3897 2119 3958 n.
2175 3862 2387 3978 1432.
